3442 4975
1748 421 1833 486 74

679 597 843 662 deus
912 591 1144 681 aliquis
1204 616 1427 659 earum
1489 594 1738 659 auxilio
1794 597 2015 660 utitur.
2110 596 2401 661 Primum
2448 600 2645 682 igitur
2686 617 2727 660 a
2772 599 2927 660 Iove

679 713 966 777 honores
1012 719 1424 795 acceperunt,
1473 712 1709 775 deinde
1759 733 1797 775 a
1845 711 2111 796 reliquis
2153 714 2349 777 etiam
2396 712 2541 779 diis.
2600 715 2659 798 1)

772 828 1000 890 Restat
1047 834 1119 889 ut
1165 827 1248 890 de
1294 827 1746 909 repugnantia,
1795 847 1995 910 quam
2040 828 2216 910 apud
2259 828 2538 913 Erinyes
2564 829 2629 892 in
2656 848 2926 893 munere

677 941 1048 1005 exercendo
1096 941 1488 1019 invenimuS,
1535 961 1749 1024 pauca
1794 960 2207 1005 moneamus
2256 941 2431 1005 Nam
2474 943 2674 1006 modo
2700 944 2928 1007 dicunt

679 1078 752 1119 se
799 1055 1170 1120 matricidas
1213 1055 1389 1119 solos
1435 1056 1711 1139 insequi,
1759 1056 1963 1120 modo
2010 1077 2234 1120 earum
2282 1075 2525 1120 munus
2571 1057 2656 1120 ad
2696 1077 2927 1121 omnes

678 1169 1062 1248 homicida8‚
1120 1171 1279 1252 quin
1328 1170 1520 1235 etiam
1568 1170 1652 1233 ad
1699 1191 1839 1248 eoS,
1889 1172 2000 1254 qui
2049 1179 2301 1254 praeter
2344 1171 2439 1233 fas
2485 1170 2705 1234 felices
2750 1180 2925 1248 sunt,

679 1287 762 1348 ad
846 1305 1075 1348 omnes
1157 1285 1438 1369 denique
1517 1287 1819 1368 pertinet,
1904 1287 2015 1368 qui
2084 1285 2311 1349 altaria
2381 1281 2575 1366 Δίκης
2643 1285 2925 1368 pedibus

679 1400 1036 1462 calcitrant.
1086 1399 1150 1481 2)
1214 1398 1346 1481 Qui
1393 1399 1522 1463 hoc
1568 1401 1652 1463 sit
1698 1399 2265 1482 intellegendum?
2311 1399 2411 1464 Ita
2455 1397 2783 1478 videlicet,
2830 1407 2923 1478 ut,

681 1515 789 1577 ubi
860 1515 1085 1578 dicunt
1144 1536 1215 1577 se
1276 1515 1643 1578 matricidas
1688 1513 1871 1578 solos
1914 1515 2238 1598 persequi,
2287 1512 2417 1577 hoc
2464 1515 2559 1576 sic
2604 1514 2925 1595 accipien-

679 1629 841 1691 dum
910 1629 1012 1707 sit,
1081 1630 1264 1712 quasi
1333 1629 1684 1692 dixissent:
1756 1649 1842 1692 ex
1909 1629 1987 1691 iis
2049 1629 2160 1713 qui
2206 1627 2489 1692 effusum
2535 1627 2923 1709 sanguinem

680 1743 1079 1806 ulciscuntur
1125 1743 1186 1826 (i.
1234 1763 1290 1807 e.
1339 1743 1450 1825 qui
1498 1743 1698 1806 caede
1743 1742 1965 1825 aliqua
1988 1743 2339 1806 commissa
2362 1742 2654 1806 iudicum
2678 1741 2927 1805 vicibus

680 1858 1085 1938 funguntur),
1179 1877 1292 1920 eos
1381 1856 1558 1920 solos
1649 1857 1959 1921 domibus
2052 1857 2471 1941 expellimus.
2542 1857 2653 1940 qui
2724 1856 2923 1938 patris

680 1970 1029 2034 alteriusve
1099 1970 1450 2034 ulciscendi
1521 1992 1719 2036 causa
1793 1970 2066 2036 matrem
2137 1972 2543 2036 occiderunt.
2636 1972 2813 2034 Nam
2860 1971 2923 2046 ii,

681 2088 792 2169 qui
886 2084 1154 2148 caedem
1249 2093 1480 2149 mutua
1569 2086 1769 2150 caede
1838 2085 2228 2164 multabant,
2298 2085 2478 2150 nulla
2546 2086 2924 2168 expiatione

680 2201 982 2282 egebant,
1052 2202 1168 2265 sed
1241 2210 1514 2266 matrem
1583 2200 1882 2264 occidere
1951 2221 2291 2284 nunquam
2360 2200 2600 2264 licebat
2657 2207 2926 2282 propter

681 2315 1017 2379 vinculum
1084 2317 1342 2399 pietatis
1409 2324 1608 2399 atque
1676 2314 2024 2393 affinitatiS,
2097 2315 2276 2398 quod
2323 2316 2490 2380 inter
2537 2323 2810 2380 matrem
2861 2322 2925 2376 et

680 2428 914 2494 liberos
962 2429 1421 2496 intercedebat.
1474 2430 1669 2495 Hanc
1716 2430 1805 2494 ob
1852 2450 1991 2494 rem
2041 2430 2322 2513 Erinyes
2347 2429 2565 2494 solum
2596 2426 2921 2506 Orestam,

679 2564 810 2607 non
900 2549 1036 2623 (aut
1103 2544 1332 2629 lenius)
1428 2543 1971 2628 Clytaemestram
2037 2544 2416 2627 puniebant,
2484 2553 2550 2608 et
2618 2541 2920 2606 Orestam

678 2667 1162 2741 persequuntur
1232 2660 1452 2721 matris
1512 2659 1779 2741 quidem
1839 2659 2042 2737 κύνες,
2085 2659 2204 2722 sed
2251 2679 2384 2722 non
2430 2658 2757 2741 Aegisthi.
2851 2654 2922 2719 Si

679 2773 825 2855 quis
871 2780 1089 2835 tamen
1135 2772 1412 2837 alterum
1460 2794 1595 2856 quo
1642 2772 1819 2836 malo
1864 2773 2065 2837 afficit
2111 2794 2241 2837 non
2290 2783 2362 2836 ut
2407 2775 2687 2838 iustitiae
2734 2774 2920 2837 satis-

751 2947 797 3011 1)
834 2948 982 2997 Haec
1024 2955 1191 2997 tamen
1226 2946 1496 3012 explicatio
1529 2947 1690 2997 solam
1723 2947 1925 3013 respicit
1956 2948 2185 3011 sormam,
2220 2948 2276 2999 in*
2308 2965 2461 3014 quam
2493 2949 2773 3011 Aeschylus
2808 2964 2921 2997 suas

678 3040 1007 3104 cogitationes
1079 3040 1290 3105 redegit,
1342 3056 1476 3100 nam,
1528 3039 1580 3089 id
1631 3040 1768 3104 quod
1819 3056 1927 3106 cap.
1980 3041 2005 3089 I
2054 3040 2155 3090 iam
2206 3040 2454 3105 apparuit,
2508 3040 2765 3105 Aeschylo
2818 3056 2918 3088 non

679 3131 889 3181 multum
945 3133 1147 3181 interest
1199 3132 1328 3180 inter
1377 3130 1524 3180 huius
1574 3132 1714 3180 vocis
1762 3148 1892 3196 quae
1924 3138 1996 3181 est
2030 3132 2062 3181 d
2084 3149 2111 3182 e
2131 3148 2220 3191 us,
2252 3133 2558 3197 singularem
2592 3138 2641 3181 et
2675 3132 2920 3197 pluralem

676 3240 955 3284 numerum,
988 3231 1038 3274 et
1072 3225 1245 3274 Iovem
1279 3230 1539 3289 tantopere
1573 3223 1773 3288 attollit,
1806 3231 1860 3274 ut
1892 3224 2093 3290 reliquis
2126 3225 2222 3274 diis
2257 3224 2417 3275 nullus
2434 3240 2594 3290 paene
2614 3224 2920 3290 relinquatur

677 3317 834 3367 locuS.

746 3407 798 3472 2)
829 3408 989 3457 Eum.
1027 3418 1318 3472 504—511:

1278 3474 1424 3541 μηδέ
1457 3494 1539 3532 τις
1575 3475 1894 3542 κικλῃσκέτω

1280 3554 1515 3620 ’ξυμφορᾷ
1554 3557 1903 3614 τετυμμένος,

1279 3632 1426 3681 τοῦτ’
1463 3632 1589 3690 ἔπος
1627 3634 1970 3700 θροούμενος·

1279 3698 1316 3761 ὦ
1351 3711 1499 3771 δίκα,
1535 3698 1573 3760 ὦ
1609 3713 1800 3779 θρόνοι
1834 3713 1885 3761 τ’
1920 3712 2191 3781 Ἐρινύων.

1281 3790 1458 3839 ταῦτά
1497 3808 1576 3848 τις
1613 3790 1736 3858 τάχ’
1774 3791 1843 3840 ἄν
1876 3797 2063 3861 πατὴρ

1281 3870 1314 3933 ἢ
1349 3872 1572 3918 τεκοῦσα
1611 3872 1896 3936 νεοπαθὴς

1279 3940 1452 3997 οἶκτον
1486 3950 1784 4009 οἰκτίσαιτ’,
1818 3952 1971 3999 ἒπει-

1283 4027 1356 4093 δὴ
1394 4030 1573 4077 πίτνει
1609 4028 1776 4089 δόμος
1812 4028 1985 4088 δίκας.

745 4108 874 4156 Item
908 4124 988 4157 vv.
1025 4116 1320 4172 530—534:

1240 4226 1247 4232 .
1285 4187 1340 4245 ἔς
1373 4188 1434 4236 τὸ
1467 4190 1581 4236 πᾶν
1616 4187 1683 4236 δέ
1720 4202 1797 4237 σοι
1833 4188 1989 4253 λέγω,

1283 4269 1464 4328 βωμὸν
1501 4267 1718 4317 αἴδεσαι
1756 4268 1931 4326 δίκας·

1279 4346 1396 4413 μηδ
1403 4348 1426 4395 ἐ
1462 4366 1543 4396 νιν

1281 4425 1469 4495 κέρδος
1503 4426 1635 4475 ι’δὼν
1673 4426 1826 4493 ἀθέῳ
1862 4426 1992 4476 ποδὶ
2031 4426 2127 4483 λὰξ
2164 4427 2368 4495 ἀτίσῃς·

745 4506 848 4558 cfr.
881 4523 963 4557 vv.
1001 4494 1266 4573 516—519
1299 4513 1348 4555 et
1381 4506 1584 4572 passim.
