<?xml version="1.0" encoding="UTF-8"?>
<!DOCTYPE html PUBLIC "-//W3C//DTD XHTML 1.0 Transitional//EN"
    "http://www.w3.org/TR/xhtml1/DTD/xhtml1-transitional.dtd">
<html xmlns="http://www.w3.org/1999/xhtml" xml:lang="en" lang="en">
 <head>
  <title>
</title>
<meta http-equiv="Content-Type" content="text/html;charset=utf-8" />
  <meta name='ocr-system' content='tesseract 3.04.00' />
  <meta name='ocr-capabilities' content='ocr_page ocr_carea ocr_par ocr_line ocrx_word'/>
</head>
<body>
  <div class='ocr_page' id='page_1' title='image "./dedeoaeschyleo01fiscgoog_0087.png"; bbox 0 0 3442 4975; ppageno 0'>
   <div class='ocr_carea' id='block_1_1' title="bbox 1602 430 1684 494">
    <p class='ocr_par' dir='ltr' id='par_1_1' title="bbox 1602 430 1684 494">
     <span class='ocr_line' id='line_1_1' title="bbox 1602 430 1684 494; baseline 0 0"><span class='ocrx_word' id='word_1_1' title='bbox 1602 430 1684 494; x_wconf 88' lang='lat'>73</span> 
     </span>
    </p>
   </div>
   <div class='ocr_carea' id='block_1_2' title="bbox 521 601 2773 1488">
    <p class='ocr_par' dir='ltr' id='par_1_2' title="bbox 521 601 2773 1488">
     <span class='ocr_line' id='line_1_2' title="bbox 523 601 2771 689; baseline -0.003 -19"><span class='ocrx_word' id='word_1_2' title='bbox 523 607 802 689; x_wconf 86' lang='lat' dir='ltr'><strong>Erinyes</strong></span> <span class='ocrx_word' id='word_1_3' title='bbox 871 605 1069 668; x_wconf 89' lang='lat' dir='ltr'>etiam</span> <span class='ocrx_word' id='word_1_4' title='bbox 1116 603 1516 687; x_wconf 83' lang='lat' dir='ltr'>antiquiores</span> <span class='ocrx_word' id='word_1_5' title='bbox 1563 601 2045 685; x_wconf 83' lang='lat' dir='ltr'>perhibeantur,</span> <span class='ocrx_word' id='word_1_6' title='bbox 2093 611 2159 667; x_wconf 91' lang='lat' dir='ltr'>et</span> <span class='ocrx_word' id='word_1_7' title='bbox 2205 602 2269 665; x_wconf 92' lang='lat' dir='ltr'>id</span> <span class='ocrx_word' id='word_1_8' title='bbox 2318 601 2582 685; x_wconf 89' lang='lat' dir='ltr'>quidem</span> <span class='ocrx_word' id='word_1_9' title='bbox 2630 602 2771 665; x_wconf 87' lang='lat' dir='ltr'>aliis</span> 
     </span>
     <span class='ocr_line' id='line_1_3' title="bbox 521 714 2769 801; baseline -0.001 -20"><span class='ocrx_word' id='word_1_10' title='bbox 521 721 604 782; x_wconf 90' lang='lat' dir='ltr'>de</span> <span class='ocrx_word' id='word_1_11' title='bbox 664 720 901 798; x_wconf 85' lang='lat' dir='ltr'>causis,</span> <span class='ocrx_word' id='word_1_12' title='bbox 951 739 1081 782; x_wconf 91' lang='lat' dir='ltr'>non</span> <span class='ocrx_word' id='word_1_13' title='bbox 1129 718 1352 800; x_wconf 87' lang='lat' dir='ltr'>liquet,</span> <span class='ocrx_word' id='word_1_14' title='bbox 1401 717 1514 801; x_wconf 90' lang='lat' dir='ltr'>qui</span> <span class='ocrx_word' id='word_1_15' title='bbox 1561 715 1712 779; x_wconf 88' lang='lat' dir='ltr'>illae</span> <span class='ocrx_word' id='word_1_16' title='bbox 1760 715 1921 779; x_wconf 87' lang='lat' dir='ltr'>deae</span> <span class='ocrx_word' id='word_1_17' title='bbox 1965 717 2143 798; x_wconf 90' lang='lat' dir='ltr'>apud</span> <span class='ocrx_word' id='word_1_18' title='bbox 2187 714 2600 799; x_wconf 86' lang='lat' dir='ltr'><strong>Aeschylum</strong></span> <span class='ocrx_word' id='word_1_19' title='bbox 2650 717 2769 780; x_wconf 90' lang='lat' dir='ltr'>diis</span> 
     </span>
     <span class='ocr_line' id='line_1_4' title="bbox 523 830 2772 915; baseline -0.001 -19"><span class='ocrx_word' id='word_1_20' title='bbox 523 830 887 915; x_wconf 89' lang='lat' dir='ltr'>Olympicis</span> <span class='ocrx_word' id='word_1_21' title='bbox 972 832 1370 914; x_wconf 85' lang='lat' dir='ltr'>antiquiores</span> <span class='ocrx_word' id='word_1_22' title='bbox 1455 852 1601 894; x_wconf 87' lang='lat' dir='ltr'>esse</span> <span class='ocrx_word' id='word_1_23' title='bbox 1669 830 1954 914; x_wconf 86' lang='lat' dir='ltr'>possint,</span> <span class='ocrx_word' id='word_1_24' title='bbox 2023 852 2178 894; x_wconf 89' lang='lat' dir='ltr'>cum</span> <span class='ocrx_word' id='word_1_25' title='bbox 2247 831 2517 895; x_wconf 89' lang='lat' dir='ltr'>simulac</span> <span class='ocrx_word' id='word_1_26' title='bbox 2584 840 2772 895; x_wconf 89' lang='lat' dir='ltr'>natae</span> 
     </span>
     <span class='ocr_line' id='line_1_5' title="bbox 521 945 2773 1029; baseline -0 -20"><span class='ocrx_word' id='word_1_27' title='bbox 521 955 724 1022; x_wconf 88' lang='lat' dir='ltr'>erant,</span> <span class='ocrx_word' id='word_1_28' title='bbox 772 967 971 1009; x_wconf 90' lang='lat' dir='ltr'>suum</span> <span class='ocrx_word' id='word_1_29' title='bbox 1021 946 1371 1009; x_wconf 89' lang='lat' dir='ltr'>ulciscendi</span> <span class='ocrx_word' id='word_1_30' title='bbox 1419 966 1656 1009; x_wconf 90' lang='lat' dir='ltr'>munus</span> <span class='ocrx_word' id='word_1_31' title='bbox 1701 947 2092 1029; x_wconf 85' lang='lat' dir='ltr'>acceperint,</span> <span class='ocrx_word' id='word_1_32' title='bbox 2132 945 2333 1029; x_wconf 89' lang='lat' dir='ltr'>idque</span> <span class='ocrx_word' id='word_1_33' title='bbox 2373 947 2438 1010; x_wconf 91' lang='lat' dir='ltr'>in</span> <span class='ocrx_word' id='word_1_34' title='bbox 2476 948 2773 1010; x_wconf 89' lang='lat' dir='ltr'>homines</span> 
     </span>
     <span class='ocr_line' id='line_1_6' title="bbox 522 1059 2770 1145; baseline -0.001 -22"><span class='ocrx_word' id='word_1_35' title='bbox 522 1061 700 1124; x_wconf 92' lang='lat' dir='ltr'>solos</span> <span class='ocrx_word' id='word_1_36' title='bbox 746 1062 954 1145; x_wconf 86' lang='lat' dir='ltr'>(Eum.</span> <span class='ocrx_word' id='word_1_37' title='bbox 1007 1077 1395 1142; x_wconf 79' lang='lat'>339—-3403</span> <span class='ocrx_word' id='word_1_38' title='bbox 1445 1060 1578 1124; x_wconf 90' lang='lat' dir='ltr'>ibid</span> <span class='ocrx_word' id='word_1_39' title='bbox 1624 1083 1684 1126; x_wconf 89' lang='lat' dir='ltr'>v.</span> <span class='ocrx_word' id='word_1_40' title='bbox 1736 1059 1885 1141; x_wconf 90' lang='lat'><strong>306,</strong></span> <span class='ocrx_word' id='word_1_41' title='bbox 1933 1084 1992 1125; x_wconf 92' lang='lat' dir='ltr'>v.</span> <span class='ocrx_word' id='word_1_42' title='bbox 2024 1063 2172 1143; x_wconf 88' lang='lat'><strong>382,</strong></span> <span class='ocrx_word' id='word_1_43' title='bbox 2195 1062 2344 1126; x_wconf 91' lang='lat' dir='ltr'>vide</span> <span class='ocrx_word' id='word_1_44' title='bbox 2368 1084 2432 1145; x_wconf 83' lang='lat' dir='ltr'>p.</span> <span class='ocrx_word' id='word_1_45' title='bbox 2458 1059 2770 1142; x_wconf 85' lang='lat'><strong>65—66),</strong></span> 
     </span>
     <span class='ocr_line' id='line_1_7' title="bbox 522 1173 2771 1264; baseline 0 -27"><span class='ocrx_word' id='word_1_46' title='bbox 522 1174 587 1237; x_wconf 92' lang='lat' dir='ltr'>hi</span> <span class='ocrx_word' id='word_1_47' title='bbox 657 1183 876 1238; x_wconf 91' lang='lat' dir='ltr'>autem</span> <span class='ocrx_word' id='word_1_48' title='bbox 949 1174 1107 1237; x_wconf 89' lang='lat' dir='ltr'>Iove</span> <span class='ocrx_word' id='word_1_49' title='bbox 1175 1174 1445 1264; x_wconf 78' lang='lat' dir='ltr'>demum</span> <span class='ocrx_word' id='word_1_50' title='bbox 1520 1184 1836 1255; x_wconf 84' lang='lat' dir='ltr'>regnante</span> <span class='ocrx_word' id='word_1_51' title='bbox 1907 1175 2173 1238; x_wconf 86' lang='lat' dir='ltr'>rationis</span> <span class='ocrx_word' id='word_1_52' title='bbox 2233 1175 2579 1259; x_wconf 83' lang='lat' dir='ltr'>participes</span> <span class='ocrx_word' id='word_1_53' title='bbox 2625 1173 2771 1237; x_wconf 86' lang='lat' dir='ltr'>facti</span> 
     </span>
     <span class='ocr_line' id='line_1_8' title="bbox 522 1289 2769 1372; baseline 0 -21"><span class='ocrx_word' id='word_1_54' title='bbox 522 1289 668 1365; x_wconf 89' lang='lat' dir='ltr'>sint,</span> <span class='ocrx_word' id='word_1_55' title='bbox 717 1309 930 1372; x_wconf 89' lang='lat' dir='ltr'>neque</span> <span class='ocrx_word' id='word_1_56' title='bbox 975 1289 1176 1370; x_wconf 86' lang='lat' dir='ltr'>igitur</span> <span class='ocrx_word' id='word_1_57' title='bbox 1223 1298 1372 1352; x_wconf 90' lang='lat' dir='ltr'>ante</span> <span class='ocrx_word' id='word_1_58' title='bbox 1419 1289 1483 1352; x_wconf 92' lang='lat' dir='ltr'>id</span> <span class='ocrx_word' id='word_1_59' title='bbox 1520 1298 1781 1372; x_wconf 87' lang='lat' dir='ltr'>tempus</span> <span class='ocrx_word' id='word_1_60' title='bbox 1814 1289 2074 1353; x_wconf 85' lang='lat' dir='ltr'>ultionis</span> <span class='ocrx_word' id='word_1_61' title='bbox 2100 1290 2473 1353; x_wconf 88' lang='lat' dir='ltr'>sentiendae</span> <span class='ocrx_word' id='word_1_62' title='bbox 2500 1309 2769 1372; x_wconf 86' lang='lat' dir='ltr'>capaces</span> 
     </span>
     <span class='ocr_line' id='line_1_9' title="bbox 523 1403 1510 1488; baseline 0.002 -23"><span class='ocrx_word' id='word_1_63' title='bbox 523 1403 761 1467; x_wconf 89' lang='lat' dir='ltr'>fuerint</span> <span class='ocrx_word' id='word_1_64' title='bbox 807 1403 1038 1486; x_wconf 78' lang='lat' dir='ltr'>(From.</span> <span class='ocrx_word' id='word_1_65' title='bbox 1086 1404 1510 1488; x_wconf 82' lang='lat'>444—455):</span> 
     </span>
    </p>
   </div>
   <div class='ocr_carea' id='block_1_3' title="bbox 789 1552 2347 2778">
    <p class='ocr_par' dir='ltr' id='par_1_3' title="bbox 789 1552 2347 2778">
     <span class='ocr_line' id='line_1_10' title="bbox 1237 1552 2081 1638; baseline 0.004 -24"><span class='ocrx_word' id='word_1_66' title='bbox 1237 1552 1359 1618; x_wconf 86' lang='grc' dir='ltr'>τάν</span> <span class='ocrx_word' id='word_1_67' title='bbox 1404 1554 1649 1638; x_wconf 76' lang='grc' dir='ltr'><em>βροτοῖς</em></span> <span class='ocrx_word' id='word_1_68' title='bbox 1695 1552 1761 1616; x_wconf 84' lang='grc' dir='ltr'>δὲ</span> <span class='ocrx_word' id='word_1_69' title='bbox 1809 1557 2081 1634; x_wconf 80' lang='grc' dir='ltr'>πὴματα</span> 
     </span>
     <span class='ocr_line' id='line_1_11' title="bbox 796 1666 2347 1752; baseline 0.004 -24"><span class='ocrx_word' id='word_1_70' title='bbox 796 1666 1139 1745; x_wconf 79' lang='grc' dir='ltr'>ἀκούσαθ’,</span> <span class='ocrx_word' id='word_1_71' title='bbox 1185 1667 1269 1740; x_wconf 83' lang='grc' dir='ltr'>ὠς</span> <span class='ocrx_word' id='word_1_72' title='bbox 1314 1672 1478 1746; x_wconf 83' lang='grc' dir='ltr'>σφᾶς</span> <span class='ocrx_word' id='word_1_73' title='bbox 1523 1668 1788 1749; x_wconf 80' lang='grc' dir='ltr'>νηπίους</span> <span class='ocrx_word' id='word_1_74' title='bbox 1834 1673 2025 1741; x_wconf 84' lang='grc' dir='ltr'>ὄντας</span> <span class='ocrx_word' id='word_1_75' title='bbox 2074 1671 2148 1731; x_wconf 88' lang='grc' dir='ltr'>τὸ</span> <span class='ocrx_word' id='word_1_76' title='bbox 2198 1672 2347 1752; x_wconf 78' lang='grc' dir='ltr'>πρὶν</span> 
     </span>
     <span class='ocr_line' id='line_1_12' title="bbox 792 1779 2129 1869; baseline 0.001 -28"><span class='ocrx_word' id='word_1_77' title='bbox 792 1779 1008 1854; x_wconf 89' lang='grc' dir='ltr'>ἔννους</span> <span class='ocrx_word' id='word_1_78' title='bbox 1056 1779 1267 1864; x_wconf 74' lang='grc' dir='ltr'>ἔθηκα</span> <span class='ocrx_word' id='word_1_79' title='bbox 1317 1782 1421 1842; x_wconf 79' lang='grc' dir='ltr'>καὶ</span> <span class='ocrx_word' id='word_1_80' title='bbox 1471 1785 1710 1864; x_wconf 85' lang='grc' dir='ltr'>φρενῶν</span> <span class='ocrx_word' id='word_1_81' title='bbox 1761 1781 2129 1869; x_wconf 76' lang='grc' dir='ltr'>ἐπηβόλους.</span> 
     </span>
     <span class='ocr_line' id='line_1_13' title="bbox 789 1891 2270 1982; baseline 0.003 -26"><span class='ocrx_word' id='word_1_82' title='bbox 789 1891 948 1967; x_wconf 81' lang='grc' dir='ltr'>λε’ξω</span> <span class='ocrx_word' id='word_1_83' title='bbox 995 1892 1084 1972; x_wconf 83' lang='grc' dir='ltr'>δέ,</span> <span class='ocrx_word' id='word_1_84' title='bbox 1128 1893 1375 1977; x_wconf 79' lang='grc' dir='ltr'>μέμψιν</span> <span class='ocrx_word' id='word_1_85' title='bbox 1422 1894 1622 1960; x_wconf 83' lang='grc' dir='ltr'>οὔτιν’</span> <span class='ocrx_word' id='word_1_86' title='bbox 1669 1896 2041 1980; x_wconf 77' lang='grc' dir='ltr'>ἀνθρώποις</span> <span class='ocrx_word' id='word_1_87' title='bbox 2088 1896 2270 1982; x_wconf 87' lang='grc' dir='ltr'>ἔχων,</span> 
     </span>
     <span class='ocr_line' id='line_1_14' title="bbox 791 1995 2109 2092; baseline 0.003 -24"><span class='ocrx_word' id='word_1_88' title='bbox 791 2006 936 2071; x_wconf 77' lang='grc' dir='ltr'>ἀλλ’</span> <span class='ocrx_word' id='word_1_89' title='bbox 983 1995 1070 2074; x_wconf 77' lang='grc' dir='ltr'>ὧν</span> <span class='ocrx_word' id='word_1_90' title='bbox 1118 2007 1335 2071; x_wconf 76' lang='grc' dir='ltr'>δέδωκ’</span> <span class='ocrx_word' id='word_1_91' title='bbox 1385 2015 1636 2075; x_wconf 77' lang='grc' dir='ltr'>εὔνοιαν</span> <span class='ocrx_word' id='word_1_92' title='bbox 1685 2009 2109 2092; x_wconf 76' lang='grc' dir='ltr'>ἐξηγούμενος·</span> 
     </span>
     <span class='ocr_line' id='line_1_15' title="bbox 794 2120 2277 2208; baseline 0.004 -27"><span class='ocrx_word' id='word_1_93' title='bbox 794 2122 856 2182; x_wconf 82' lang='grc' dir='ltr'>οἱ</span> <span class='ocrx_word' id='word_1_94' title='bbox 901 2123 1130 2204; x_wconf 85' lang='grc' dir='ltr'>πρῶτα</span> <span class='ocrx_word' id='word_1_95' title='bbox 1173 2123 1287 2202; x_wconf 81' lang='grc' dir='ltr'>μὲν</span> <span class='ocrx_word' id='word_1_96' title='bbox 1331 2120 1678 2208; x_wconf 73' lang='grc' dir='ltr'>βλέποντες</span> <span class='ocrx_word' id='word_1_97' title='bbox 1728 2121 1999 2207; x_wconf 85' lang='grc' dir='ltr'>ἔβλεπον</span> <span class='ocrx_word' id='word_1_98' title='bbox 2044 2128 2277 2205; x_wconf 82' lang='grc' dir='ltr'>μάτην,</span> 
     </span>
     <span class='ocr_line' id='line_1_16' title="bbox 798 2225 2131 2320; baseline 0.006 -27"><span class='ocrx_word' id='word_1_99' title='bbox 798 2230 1095 2306; x_wconf 90' lang='grc' dir='ltr'>κλύοντες</span> <span class='ocrx_word' id='word_1_100' title='bbox 1140 2235 1252 2299; x_wconf 76' lang='grc' dir='ltr'>οὐκ</span> <span class='ocrx_word' id='word_1_101' title='bbox 1300 2225 1552 2315; x_wconf 55' lang='grc' dir='ltr'>ἤκουον,’</span> <span class='ocrx_word' id='word_1_102' title='bbox 1594 2234 1740 2299; x_wconf 75' lang='grc' dir='ltr'>ἀλλ’</span> <span class='ocrx_word' id='word_1_103' title='bbox 1787 2236 2131 2320; x_wconf 75' lang='grc' dir='ltr'>ὀνειράτων</span> 
     </span>
     <span class='ocr_line' id='line_1_17' title="bbox 796 2343 2035 2433; baseline 0.004 -24"><span class='ocrx_word' id='word_1_104' title='bbox 796 2343 1065 2424; x_wconf 73' lang='grc' dir='ltr'>ἀλίγκιοι</span> <span class='ocrx_word' id='word_1_105' title='bbox 1113 2354 1406 2430; x_wconf 81' lang='grc' dir='ltr'>μορφαῖσι</span> <span class='ocrx_word' id='word_1_106' title='bbox 1456 2351 1566 2414; x_wconf 90' lang='grc' dir='ltr'>τὸν</span> <span class='ocrx_word' id='word_1_107' title='bbox 1612 2351 1849 2433; x_wconf 84' lang='grc' dir='ltr'>μακρὸν</span> <span class='ocrx_word' id='word_1_108' title='bbox 1898 2351 2035 2433; x_wconf 86' lang='grc' dir='ltr'>βίον</span> 
     </span>
     <span class='ocr_line' id='line_1_18' title="bbox 804 2460 2165 2545; baseline 0.003 -22"><span class='ocrx_word' id='word_1_109' title='bbox 804 2460 1031 2545; x_wconf 85' lang='grc' dir='ltr'>ἔφυρον</span> <span class='ocrx_word' id='word_1_110' title='bbox 1076 2463 1211 2545; x_wconf 83' lang='grc' dir='ltr'>εἷκῇ</span> <span class='ocrx_word' id='word_1_111' title='bbox 1254 2466 1496 2544; x_wconf 85' lang='grc' dir='ltr'>πάντα,</span> <span class='ocrx_word' id='word_1_112' title='bbox 1545 2468 1728 2529; x_wconf 77' lang='grc' dir='ltr'>κοῦτε</span> <span class='ocrx_word' id='word_1_113' title='bbox 1778 2462 2165 2544; x_wconf 77' lang='grc' dir='ltr'>πλινθυφεῖς</span> 
     </span>
     <span class='ocr_line' id='line_1_19' title="bbox 791 2572 2224 2664; baseline 0.006 -27"><span class='ocrx_word' id='word_1_114' title='bbox 791 2573 1016 2655; x_wconf 80' lang='grc' dir='ltr'>δόμους</span> <span class='ocrx_word' id='word_1_115' title='bbox 1063 2575 1429 2661; x_wconf 79' lang='grc' dir='ltr'>προσείλους</span> <span class='ocrx_word' id='word_1_116' title='bbox 1475 2572 1655 2663; x_wconf 83' lang='grc' dir='ltr'>ᾖσαν,</span> <span class='ocrx_word' id='word_1_117' title='bbox 1705 2581 1776 2644; x_wconf 78' lang='grc' dir='ltr'>οὐ</span> <span class='ocrx_word' id='word_1_118' title='bbox 1826 2578 2224 2664; x_wconf 78' lang='grc' dir='ltr'>ξυλουργίαν·</span> 
     </span>
     <span class='ocr_line' id='line_1_20' title="bbox 790 2690 2020 2778; baseline 0.003 -26"><span class='ocrx_word' id='word_1_119' title='bbox 790 2693 1147 2774; x_wconf 82' lang='grc' dir='ltr'>κατώρυχες</span> <span class='ocrx_word' id='word_1_120' title='bbox 1192 2690 1248 2755; x_wconf 88' lang='grc' dir='ltr'>δ’</span> <span class='ocrx_word' id='word_1_121' title='bbox 1298 2691 1508 2757; x_wconf 85' lang='grc' dir='ltr'>ἔναιον</span> <span class='ocrx_word' id='word_1_122' title='bbox 1556 2692 1706 2755; x_wconf 87' lang='grc' dir='ltr'>ὡστ’</span> <span class='ocrx_word' id='word_1_123' title='bbox 1756 2694 2020 2778; x_wconf 78' lang='grc' dir='ltr'>ἀήσυροι</span> 
     </span>
    </p>
   </div>
   <div class='ocr_carea' id='block_1_4' title="bbox 785 2806 2105 2891">
    <p class='ocr_par' dir='ltr' id='par_1_4' title="bbox 785 2806 2105 2891">
     <span class='ocr_line' id='line_1_21' title="bbox 785 2806 2105 2891; baseline 0 -23"><span class='ocrx_word' id='word_1_124' title='bbox 785 2810 1097 2888; x_wconf 87' lang='grc' dir='ltr'>μύρμηκες</span> <span class='ocrx_word' id='word_1_125' title='bbox 1141 2808 1391 2889; x_wconf 86' lang='grc' dir='ltr'>ἄντρων</span> <span class='ocrx_word' id='word_1_126' title='bbox 1437 2809 1500 2871; x_wconf 79' lang='grc' dir='ltr'>ἐν</span> <span class='ocrx_word' id='word_1_127' title='bbox 1543 2812 1762 2890; x_wconf 80' lang='grc' dir='ltr'>μυχοῖς</span> <span class='ocrx_word' id='word_1_128' title='bbox 1807 2806 2105 2891; x_wconf 86' lang='grc' dir='ltr'>ἀνηλίοις.</span> 
     </span>
    </p>
   </div>
   <div class='ocr_carea' id='block_1_5' title="bbox 523 2954 2775 4551">
    <p class='ocr_par' dir='ltr' id='par_1_5' title="bbox 525 2954 2771 3254">
     <span class='ocr_line' id='line_1_22' title="bbox 616 2954 2771 3039; baseline 0 -20"><span class='ocrx_word' id='word_1_129' title='bbox 616 2954 873 3037; x_wconf 81' lang='lat' dir='ltr'>Quodsi</span> <span class='ocrx_word' id='word_1_130' title='bbox 943 2954 1232 3039; x_wconf 78' lang='grc' dir='ltr'>Ἐρινύες</span> <span class='ocrx_word' id='word_1_131' title='bbox 1301 2979 1424 3021; x_wconf 93' lang='lat' dir='ltr'>suo</span> <span class='ocrx_word' id='word_1_132' title='bbox 1491 2958 1712 3022; x_wconf 88' lang='lat' dir='ltr'>officio</span> <span class='ocrx_word' id='word_1_133' title='bbox 1783 2960 1906 3023; x_wconf 91' lang='lat' dir='ltr'>sub</span> <span class='ocrx_word' id='word_1_134' title='bbox 1986 2960 2160 3022; x_wconf 91' lang='lat' dir='ltr'>Iovis</span> <span class='ocrx_word' id='word_1_135' title='bbox 2229 2960 2497 3021; x_wconf 87' lang='lat' dir='ltr'>demum</span> <span class='ocrx_word' id='word_1_136' title='bbox 2570 2978 2771 3039; x_wconf 85' lang='lat' dir='ltr'>regno</span> 
     </span>
     <span class='ocr_line' id='line_1_23' title="bbox 525 3069 2758 3155; baseline 0.001 -25"><span class='ocrx_word' id='word_1_137' title='bbox 525 3069 710 3151; x_wconf 86' lang='lat' dir='ltr'>fungi</span> <span class='ocrx_word' id='word_1_138' title='bbox 781 3080 1154 3151; x_wconf 87' lang='lat' dir='ltr'>coeperunt,</span> <span class='ocrx_word' id='word_1_139' title='bbox 1225 3071 1453 3154; x_wconf 90' lang='lat' dir='ltr'>quidni</span> <span class='ocrx_word' id='word_1_140' title='bbox 1525 3071 1685 3135; x_wconf 89' lang='lat' dir='ltr'>illud</span> <span class='ocrx_word' id='word_1_141' title='bbox 1756 3074 2032 3136; x_wconf 90' lang='lat' dir='ltr'>verbum</span> <span class='ocrx_word' id='word_1_142' title='bbox 2082 3073 2450 3136; x_wconf 88' lang='lat' dir='ltr'>Promethei</span> <span class='ocrx_word' id='word_1_143' title='bbox 2498 3073 2587 3155; x_wconf 87' lang='lat' dir='ltr'>(v.</span> <span class='ocrx_word' id='word_1_144' title='bbox 2641 3088 2758 3151; x_wconf 91' lang='lat'>231</span> 
     </span>
     <span class='ocr_line' id='line_1_24' title="bbox 527 3170 809 3254; baseline 0.011 -4"><span class='ocrx_word' id='word_1_145' title='bbox 527 3170 809 3254; x_wconf 86' lang='lat'><strong>—234)=</strong></span> 
     </span>
    </p>

    <p class='ocr_par' dir='ltr' id='par_1_6' title="bbox 885 3284 2280 3370">
     <span class='ocr_line' id='line_1_25' title="bbox 885 3284 2280 3370; baseline 0.005 -25"><span class='ocrx_word' id='word_1_146' title='bbox 885 3284 1058 3357; x_wconf 83' lang='grc' dir='ltr'>ὅπως</span> <span class='ocrx_word' id='word_1_147' title='bbox 1104 3288 1383 3368; x_wconf 84' lang='grc' dir='ltr'>τάχιστα</span> <span class='ocrx_word' id='word_1_148' title='bbox 1431 3288 1542 3351; x_wconf 90' lang='grc' dir='ltr'>τὸν</span> <span class='ocrx_word' id='word_1_149' title='bbox 1592 3292 1891 3369; x_wconf 76' lang='grc' dir='ltr'>πατρῷον</span> <span class='ocrx_word' id='word_1_150' title='bbox 1941 3288 2001 3359; x_wconf 82' lang='grc' dir='ltr'>ἐς</span> <span class='ocrx_word' id='word_1_151' title='bbox 2047 3290 2280 3370; x_wconf 80' lang='grc' dir='ltr'>θρόνον</span> 
     </span>
    </p>

    <p class='ocr_par' dir='ltr' id='par_1_7' title="bbox 887 3397 2186 3483">
     <span class='ocr_line' id='line_1_26' title="bbox 887 3397 2186 3483; baseline 0.003 -26"><span class='ocrx_word' id='word_1_152' title='bbox 887 3397 1202 3476; x_wconf 77' lang='grc' dir='ltr'>καθέζετ’,</span> <span class='ocrx_word' id='word_1_153' title='bbox 1252 3400 1450 3472; x_wconf 68' lang='grc' dir='ltr'>εὐθύς</span> <span class='ocrx_word' id='word_1_154' title='bbox 1496 3397 1785 3480; x_wconf 83' lang='grc' dir='ltr'>δαίμοσιν</span> <span class='ocrx_word' id='word_1_155' title='bbox 1834 3399 1994 3480; x_wconf 73' lang='grc' dir='ltr'>νέμει</span> <span class='ocrx_word' id='word_1_156' title='bbox 2039 3400 2186 3483; x_wconf 83' lang='grc' dir='ltr'>γε’ρα</span> 
     </span>
    </p>

    <p class='ocr_par' dir='ltr' id='par_1_8' title="bbox 883 3509 2034 3597">
     <span class='ocr_line' id='line_1_27' title="bbox 883 3509 2034 3597; baseline 0.003 -24"><span class='ocrx_word' id='word_1_157' title='bbox 883 3509 1172 3578; x_wconf 83' lang='grc' dir='ltr'>ἄλλοισιν</span> <span class='ocrx_word' id='word_1_158' title='bbox 1218 3511 1389 3577; x_wconf 84' lang='grc' dir='ltr'>ἄλλα</span> <span class='ocrx_word' id='word_1_159' title='bbox 1437 3517 1541 3576; x_wconf 77' lang='grc' dir='ltr'>καὶ</span> <span class='ocrx_word' id='word_1_160' title='bbox 1588 3513 2034 3597; x_wconf 83' lang='grc' dir='ltr'>διεστοιχίζετο</span> 
     </span>
    </p>

    <p class='ocr_par' dir='ltr' id='par_1_9' title="bbox 523 3625 2775 4551">
     <span class='ocr_line' id='line_1_28' title="bbox 887 3625 1103 3708; baseline -0.009 0"><span class='ocrx_word' id='word_1_161' title='bbox 887 3625 1103 3708; x_wconf 64' lang='grc' dir='ltr'>ἀρχήν·</span> 
     </span>
     <span class='ocr_line' id='line_1_29' title="bbox 525 3781 2771 3865; baseline 0 -22"><span class='ocrx_word' id='word_1_162' title='bbox 525 3781 720 3843; x_wconf 89' lang='lat' dir='ltr'>etiam</span> <span class='ocrx_word' id='word_1_163' title='bbox 766 3781 850 3844; x_wconf 91' lang='lat' dir='ltr'>ad</span> <span class='ocrx_word' id='word_1_164' title='bbox 899 3781 1131 3844; x_wconf 88' lang='lat' dir='ltr'>Furias</span> <span class='ocrx_word' id='word_1_165' title='bbox 1179 3781 1280 3845; x_wconf 91' lang='lat' dir='ltr'>vel</span> <span class='ocrx_word' id='word_1_166' title='bbox 1328 3783 1522 3845; x_wconf 89' lang='lat' dir='ltr'>Diras</span> <span class='ocrx_word' id='word_1_167' title='bbox 1562 3783 1884 3865; x_wconf 87' lang='lat' dir='ltr'>pertinere</span> <span class='ocrx_word' id='word_1_168' title='bbox 1924 3785 2313 3847; x_wconf 83' lang='lat' dir='ltr'>credamus?</span> <span class='ocrx_word' id='word_1_169' title='bbox 2362 3782 2515 3845; x_wconf 93' lang='lat' dir='ltr'>Hoc</span> <span class='ocrx_word' id='word_1_170' title='bbox 2538 3781 2771 3844; x_wconf 86' lang='lat' dir='ltr'>saltem</span> 
     </span>
     <span class='ocr_line' id='line_1_30' title="bbox 525 3895 2773 3978; baseline 0.001 -22"><span class='ocrx_word' id='word_1_171' title='bbox 525 3914 848 3977; x_wconf 87' lang='lat' dir='ltr'>nusquam</span> <span class='ocrx_word' id='word_1_172' title='bbox 918 3895 1434 3959; x_wconf 91' lang='lat' dir='ltr'>obliviscendum</span> <span class='ocrx_word' id='word_1_173' title='bbox 1502 3906 1619 3974; x_wconf 91' lang='lat' dir='ltr'>est,</span> <span class='ocrx_word' id='word_1_174' title='bbox 1693 3898 1832 3960; x_wconf 88' lang='lat' dir='ltr'>sine</span> <span class='ocrx_word' id='word_1_175' title='bbox 1893 3896 2273 3960; x_wconf 88' lang='lat' dir='ltr'>hominibus</span> <span class='ocrx_word' id='word_1_176' title='bbox 2320 3896 2585 3959; x_wconf 86' lang='lat' dir='ltr'>rationis</span> <span class='ocrx_word' id='word_1_177' title='bbox 2629 3916 2773 3978; x_wconf 87' lang='lat' dir='ltr'>par-</span> 
     </span>
     <span class='ocr_line' id='line_1_31' title="bbox 523 4008 2775 4092; baseline -0 -21"><span class='ocrx_word' id='word_1_178' title='bbox 523 4009 825 4091; x_wconf 88' lang='lat' dir='ltr'>ticipibus</span> <span class='ocrx_word' id='word_1_179' title='bbox 895 4008 1174 4090; x_wconf 88' lang='lat' dir='ltr'>Erinyes</span> <span class='ocrx_word' id='word_1_180' title='bbox 1243 4019 1469 4076; x_wconf 85' lang='lat' dir='ltr'>extare</span> <span class='ocrx_word' id='word_1_181' title='bbox 1539 4010 1751 4074; x_wconf 89' lang='lat' dir='ltr'>nullas</span> <span class='ocrx_word' id='word_1_182' title='bbox 1819 4030 2036 4092; x_wconf 91' lang='lat' dir='ltr'>posse.</span> <span class='ocrx_word' id='word_1_183' title='bbox 2133 4010 2282 4072; x_wconf 92' lang='lat' dir='ltr'>Hae</span> <span class='ocrx_word' id='word_1_184' title='bbox 2340 4011 2501 4072; x_wconf 91' lang='lat' dir='ltr'>deae</span> <span class='ocrx_word' id='word_1_185' title='bbox 2548 4010 2775 4072; x_wconf 89' lang='lat' dir='ltr'>dicunt</span> 
     </span>
     <span class='ocr_line' id='line_1_32' title="bbox 527 4123 2770 4210; baseline -0.002 -20"><span class='ocrx_word' id='word_1_186' title='bbox 527 4126 790 4209; x_wconf 89' lang='lat' dir='ltr'>quidem</span> <span class='ocrx_word' id='word_1_187' title='bbox 839 4148 911 4190; x_wconf 91' lang='lat' dir='ltr'>se</span> <span class='ocrx_word' id='word_1_188' title='bbox 956 4148 1152 4190; x_wconf 89' lang='lat' dir='ltr'>suum</span> <span class='ocrx_word' id='word_1_189' title='bbox 1201 4146 1440 4189; x_wconf 88' lang='lat' dir='ltr'>munus</span> <span class='ocrx_word' id='word_1_190' title='bbox 1487 4146 1526 4187; x_wconf 85' lang='lat' dir='ltr'>a</span> <span class='ocrx_word' id='word_1_191' title='bbox 1571 4125 1693 4188; x_wconf 91' lang='lat' dir='ltr'>diis</span> <span class='ocrx_word' id='word_1_192' title='bbox 1740 4125 2069 4205; x_wconf 90' lang='lat' dir='ltr'>accepisse</span> <span class='ocrx_word' id='word_1_193' title='bbox 2114 4123 2273 4210; x_wconf 91' lang='lat' dir='ltr'>(non</span> <span class='ocrx_word' id='word_1_194' title='bbox 2318 4145 2357 4186; x_wconf 90' lang='lat' dir='ltr'>a</span> <span class='ocrx_word' id='word_1_195' title='bbox 2401 4124 2604 4207; x_wconf 89' lang='lat' dir='ltr'>Iove),</span> <span class='ocrx_word' id='word_1_196' title='bbox 2655 4124 2770 4186; x_wconf 89' lang='lat' dir='ltr'>sed</span> 
     </span>
     <span class='ocr_line' id='line_1_33' title="bbox 529 4237 2775 4326; baseline -0.002 -22"><span class='ocrx_word' id='word_1_197' title='bbox 529 4241 770 4326; x_wconf 88' lang='lat' dir='ltr'>Erinys</span> <span class='ocrx_word' id='word_1_198' title='bbox 817 4241 994 4306; x_wconf 91' lang='lat' dir='ltr'>nulla</span> <span class='ocrx_word' id='word_1_199' title='bbox 1039 4249 1272 4316; x_wconf 82' lang='lat' dir='ltr'>exstat,</span> <span class='ocrx_word' id='word_1_200' title='bbox 1334 4240 1453 4303; x_wconf 91' lang='lat' dir='ltr'>nisi</span> <span class='ocrx_word' id='word_1_201' title='bbox 1502 4248 1615 4303; x_wconf 88' lang='lat' dir='ltr'>aut</span> <span class='ocrx_word' id='word_1_202' title='bbox 1660 4240 1819 4310; x_wconf 70' lang='grc' dir='ltr'>Ζεύς</span> <span class='ocrx_word' id='word_1_203' title='bbox 1865 4246 1977 4300; x_wconf 89' lang='lat' dir='ltr'>aut</span> <span class='ocrx_word' id='word_1_204' title='bbox 2022 4237 2273 4320; x_wconf 91' lang='lat' dir='ltr'>Apollo</span> <span class='ocrx_word' id='word_1_205' title='bbox 2319 4250 2433 4300; x_wconf 88' lang='lat' dir='ltr'>aut</span> <span class='ocrx_word' id='word_1_206' title='bbox 2480 4239 2613 4301; x_wconf 91' lang='lat' dir='ltr'>Pan</span> <span class='ocrx_word' id='word_1_207' title='bbox 2659 4246 2775 4300; x_wconf 86' lang='lat' dir='ltr'>aut</span> 
     </span>
     <span class='ocr_line' id='line_1_34' title="bbox 525 4351 2773 4437; baseline -0.001 -20"><span class='ocrx_word' id='word_1_208' title='bbox 525 4355 691 4418; x_wconf 87' lang='lat' dir='ltr'>alius</span> <span class='ocrx_word' id='word_1_209' title='bbox 749 4356 894 4437; x_wconf 89' lang='lat' dir='ltr'>quis</span> <span class='ocrx_word' id='word_1_210' title='bbox 955 4356 1117 4417; x_wconf 90' lang='lat' dir='ltr'>deus</span> <span class='ocrx_word' id='word_1_211' title='bbox 1177 4375 1322 4417; x_wconf 87' lang='lat' dir='ltr'>eam</span> <span class='ocrx_word' id='word_1_212' title='bbox 1370 4353 1562 4415; x_wconf 87' lang='lat' dir='ltr'>alicui</span> <span class='ocrx_word' id='word_1_213' title='bbox 1612 4352 1838 4415; x_wconf 88' lang='lat' dir='ltr'>domui</span> <span class='ocrx_word' id='word_1_214' title='bbox 1888 4352 2198 4427; x_wconf 82' lang='lat' dir='ltr'>immittit,</span> <span class='ocrx_word' id='word_1_215' title='bbox 2246 4373 2381 4434; x_wconf 91' lang='lat' dir='ltr'>quo</span> <span class='ocrx_word' id='word_1_216' title='bbox 2429 4352 2499 4415; x_wconf 85' lang='lat' dir='ltr'>fit</span> <span class='ocrx_word' id='word_1_217' title='bbox 2548 4361 2618 4415; x_wconf 92' lang='lat' dir='ltr'>ut</span> <span class='ocrx_word' id='word_1_218' title='bbox 2664 4351 2773 4414; x_wconf 86' lang='lat' dir='ltr'>illa</span> 
     </span>
     <span class='ocr_line' id='line_1_35' title="bbox 525 4466 2769 4551; baseline -0.003 -18"><span class='ocrx_word' id='word_1_219' title='bbox 525 4468 697 4533; x_wconf 82' lang='lat' dir='ltr'>actio</span> <span class='ocrx_word' id='word_1_220' title='bbox 768 4469 1052 4533; x_wconf 87' lang='lat' dir='ltr'>muneris</span> <span class='ocrx_word' id='word_1_221' title='bbox 1115 4467 1398 4532; x_wconf 87' lang='lat' dir='ltr'>donandi</span> <span class='ocrx_word' id='word_1_222' title='bbox 1458 4475 1524 4532; x_wconf 91' lang='lat' dir='ltr'>et</span> <span class='ocrx_word' id='word_1_223' title='bbox 1569 4466 1929 4549; x_wconf 86' lang='lat' dir='ltr'>accipiendi</span> <span class='ocrx_word' id='word_1_224' title='bbox 1979 4486 2236 4551; x_wconf 88' lang='lat' dir='ltr'>semper</span> <span class='ocrx_word' id='word_1_225' title='bbox 2283 4466 2569 4540; x_wconf 86' lang='lat' dir='ltr'>iteretur,</span> <span class='ocrx_word' id='word_1_226' title='bbox 2616 4487 2769 4528; x_wconf 88' lang='lat' dir='ltr'>cum</span> 
     </span>
    </p>
   </div>
  </div>
 </body>
</html>
