3442 4975
1748 430 1825 480 10

661 608 1090 674 Prometheus
1160 610 1292 669 und
1366 606 1741 683 MenoitiOS,
1806 625 1935 667 von
1985 605 2111 667 den
2160 604 2486 686 Giganten
2534 604 2691 687 (vgl.
2742 604 2910 668 Gen.

658 724 700 785 6
749 746 762 785 ε
810 721 880 804 4)
950 722 1085 785 und
1156 722 1281 785 den
1355 719 1706 783 melischen
1757 720 2137 801 Nymphen,
2184 740 2314 783 von
2364 718 2705 793 Hercules,
2754 718 2905 781 dem

659 835 1024 919 gottlichen
1100 834 1364 897 Helden
1440 834 1572 897 und
1645 834 1908 897 Dulder
1979 834 2112 896 und
2181 832 2456 899 manche
2514 833 2716 895 andre
2763 833 2907 895 sind

657 951 970 1028 offenbar,
1033 970 1223 1013 wenn
1270 947 1440 1011 auch
1489 968 1612 1011 nur
1658 946 2024 1023 schwache,
2074 948 2210 1011 An·
2262 947 2423 1011 oder
2471 945 2910 1029 Nachklange

657 1067 772 1129 der
840 1066 906 1128 in
976 1066 1102 1127 den
1172 1063 1459 1145 heiligen
1530 1062 1857 1127 Schriften
1928 1061 2319 1127 urkundlich
2382 1061 2909 1143 niedergelegten

659 1179 1304 1260 Ueberlieferungen.
1365 1178 1420 1261 1)
1493 1178 1710 1259 Legas
1780 1178 1996 1254 etiam,
2067 1156 2237 1260 quae
2284 1177 2438 1239 dicit
2483 1198 2546 1259 p.
2598 1175 2908 1239 XXVIII

591 1297 606 1303 “
659 1294 742 1355 de
814 1294 1092 1371 „Niobe,
1165 1294 1344 1356 diese
1414 1302 1619 1357 mater
1683 1293 1993 1356 dolorosa
2058 1294 2174 1355 der
2218 1291 2499 1355 antiken-
2538 1288 2799 1355 Kunst”
2846 1299 2911 1353 et

657 1429 720 1489 p.
795 1407 1053 1483 XXIX,
1125 1408 1232 1470 ubi
1296 1428 1570 1490 angues,
1623 1409 1737 1491 qui
1788 1407 2195 1473 Laocontem
2242 1408 2513 1489 eiusque
2560 1406 2724 1469 filios
2768 1425 2910 1487 per·

659 1523 840 1599 dunt,
934 1531 1268 1604 comparat
1358 1542 1509 1584 cum
1609 1530 1931 1603 serpente,
2001 1522 2112 1603 qui
2188 1521 2399 1584 Evam
2472 1521 2536 1582 in
2604 1520 2909 1601 paradiso

659 1636 934 1717 decepit.
1029 1636 1105 1697 In
1161 1636 1436 1699 eandem
1507 1636 1895 1699 sententiam
1968 1635 2125 1698 dicit
2198 1634 2498 1721 Havetus
2568 1635 2632 1697 in
2691 1654 2910 1714 opere,

659 1750 842 1832 quod
911 1751 1292 1831 inscriptum
1365 1759 1496 1813 est:
1572 1749 1667 1812 Le
1740 1748 2235 1813 Christianisme
2305 1757 2369 1813 et
2430 1768 2531 1811 ses
2598 1748 2908 1828 origines,

659 1860 1115 1927 l'Hellenisme
1163 1862 1284 1947 (Ile
1331 1865 1447 1960 ed.¹
1481 1864 1660 1926 Paris
1716 1863 1931 1945 1873),
1984 1864 2035 1940 I,
2073 1864 2192 1927 80:
2222 1863 2513 1938 „Disons
2539 1882 2618 1925 en
2642 1870 2910 1943 passant

660 1998 789 2060 que
856 1978 1015 2042 c'est
1081 1979 1242 2041 dans
1326 1979 1603 2042 Pindare
1675 1998 1805 2061 que
1875 1998 2050 2041 nous·
2115 1986 2543 2040 rencontrons
2612 1996 2783 2059 pour
2850 1974 2917 2041 la.
3011 1986 3013 1988 ’

658 2092 979 2173 premiere
1047 2093 1171 2155 fois
1235 2083 1302 2155 'la
1347 2092 1519 2156 fable
1567 2093 1654 2155 du
1703 2092 1966 2175 deluge.
2014 2088 2367 2157 L'histoire
2414 2091 2498 2153 de
2548 2090 2912 2153 Deucalion

659 2215 725 2269 et
791 2206 954 2269 celle
1024 2208 1107 2270 de
1178 2208 1330 2271 Noe
1401 2216 1516 2271 ont
1585 2208 2029 2271 evidemment
2092 2227 2219 2269 une
2264 2227 2497 2269 source
2542 2226 2914 2283 commune,

661 2321 771 2401 qui
821 2321 957 2384 doit
1002 2323 1138 2385 etre
1186 2343 1422 2385 encore
1467 2321 1786 2385 cherchee
1831 2322 1993 2384 dans
2034 2316 2381 2385 l’Orient.’'
2433 2320 2913 2402 Quaecumque

661 2443 880 2499 tamen
951 2458 1038 2499 ex
1107 2434 1208 2500 his
1278 2446 1452 2502 recte
1520 2445 2003 2519 comparantur,
2050 2434 2212 2499 haec
2260 2436 2479 2498 omnia
2523 2456 2640 2518 per
2684 2441 2915 2518 poetas

661 2558 726 2612 et
831 2550 1301 2634 logographOS,
1392 2552 1717 2615 interdum
1811 2552 2085 2614 sortasse
2176 2571 2293 2633 per
2384 2549 2593 2614 solam
2683 2549 2911 2632 populi

661 2663 872 2736 ζῶσαν
940 2667 1158 2744 φωνὴν
1205 2666 1289 2728 ad
1336 2664 1658 2748 Aeschyli
1705 2673 2007 2746 tempora
2052 2672 2203 2727 sunt
2248 2673 2633 2746 propagata,
2682 2664 2905 2745 itaque

659 2779 870 2860 magis
915 2780 999 2841 ad
1047 2800 1160 2842 eos
1208 2781 1416 2843 fontes
1455 2789 1606 2844 sunt
1652 2780 2011 2857 referenda,
2061 2799 2230 2862 quos
2278 2777 2553 2860 originis
2582 2754 2930 2840 humanae·

658 2891 999 2974 appellavi.
1070 2894 1184 2956 Ad
1255 2914 1424 2976 quos
1483 2895 1832 2958 transitum
1903 2894 2216 2976 praebent
2286 2892 2601 2976 mysteria
2662 2890 2912 2967 Attica,

659 3006 725 3068 id
815 3015 915 3069 est
1007 3006 1360 3085 Eleusinia,
1452 3009 1692 3090 quippe
1784 3028 1955 3089 quae
2045 3007 2353 3089 magnam
2447 3015 2701 3088 partem
2794 3026 2911 3087 per

661 3119 871 3193 ζῶσαν
943 3123 1161 3200 φωνὴν
1239 3120 1449 3184 solam
1535 3120 2051 3202 divulgarentur.
2164 3119 2298 3182 Hic
2368 3128 2587 3182 autem
2657 3118 2908 3201 duplex

661 3236 953 3316 quaestio
1048 3238 1373 3300 movenda
1457 3244 1575 3313 est,
1663 3255 1812 3311 una,
1888 3243 2104 3298 utrum
2177 3233 2554 3317 Aeschylus
2623 3234 2909 3296 initiatus

658 3349 852 3412 fuerit
919 3371 1144 3428 necne,
1206 3351 1428 3428 altera,
1477 3351 1530 3414 si
1576 3351 1869 3414 initiatus
1915 3369 2047 3412 non
2093 3350 2235 3425 fuit,
2284 3369 2441 3427 num
2493 3349 2804 3428 mysteria
2849 3348 2907 3408 ei

662 3472 818 3527 nota
863 3485 1004 3526 esse
1049 3466 1400 3546 potuerint.
1454 3465 1647 3527 Hanc
1694 3464 1963 3528 alteram
2014 3463 2223 3526 solam
2272 3462 2400 3527 hoc
2450 3463 2596 3525 loco
2638 3462 2909 3532 alicuius

663 3578 979 3640 momenti
1049 3597 1190 3639 esse
1258 3579 1675 3658 perspicuum
1736 3587 1857 3654 est,
1905 3579 2127 3660 itaque
2174 3579 2351 3658 prior
2398 3577 2695 3659 quaestio
2744 3575 2912 3638 hanc

662 3699 916 3753 tantum
965 3691 1052 3753 ob
1100 3711 1237 3753 rem
1283 3691 1568 3773 ponitur,
1598 3701 1686 3768 ut,
1717 3692 1771 3754 si
1796 3701 2135 3774 appareret
2162 3712 2315 3754 eum
2340 3692 2659 3754 initiatum
2686 3688 2909 3765 fuisse,

663 3804 812 3867 inde
880 3802 1340 3886 colligeremus
1412 3825 1562 3867 eum
1614 3806 2079 3886 mysteriorum
2126 3804 2302 3868 haud
2351 3805 2652 3885 ignarum
2699 3803 2909 3865 fuisse.

754 3916 1028 3980 Constat
1096 3918 1294 4000 igitur
1362 3917 1419 3982 1⁰
1463 3919 1781 4000 Aeschyli
1851 3919 2257 4001 temporibus
2324 3917 2642 4000 plurimos
2704 3915 2909 3979 Athe-

735 4138 782 4205 1)
814 4139 1074 4189 Praeterea
1127 4140 1296 4205 Spiess
1343 4141 1441 4190 hoc
1492 4142 1607 4191 loco
1658 4142 1828 4191 laudat
1862 4143 1919 4191 F.
1955 4142 2117 4204 Nork‚
2153 4140 2554 4206 Vergleichende
2590 4140 2909 4206 Mythologie

660 4246 772 4279 zum
825 4231 1045 4280 naheren
1099 4232 1451 4282 Verstandniss
1502 4234 1655 4283 vieler
1709 4234 2036 4284 Bibelstellen
2096 4241 2145 4282 et
2196 4234 2317 4282 Max
2372 4232 2575 4296 Miiller‚
2627 4233 2827 4296 Essays,
2862 4245 2909 4281 2.

665 4322 826 4386 Band,
873 4324 1103 4389 Beitrage
1151 4341 1234 4373 zur
1271 4326 1689 4389 vergleichenden
1728 4326 2044 4391 Mythologie
2080 4326 2182 4374 und
2218 4324 2541 4392 Ethnologie.
2592 4323 2723 4373 Vide
2757 4324 2909 4373 etiam

663 4413 722 4461 E.
779 4414 982 4477 Miiller‚
1037 4415 1316 4465 Parallelen
1369 4425 1417 4466 et
1468 4418 1528 4466 E.
1584 4434 1685 4466 von
1734 4418 1967 4479 Lasaulx,
2012 4418 2077 4466 de
2112 4417 2285 4466 mortis
2320 4417 2579 4466 dominatu
2615 4417 2668 4465 in
2702 4424 2908 4475 vetereS,

666 4504 870 4554 Monaci
912 4505 1055 4572 1835,
1091 4509 1176 4556 ubi
1213 4510 1331 4558 dicit
1365 4509 1426 4558 de
1459 4510 1609 4574 primi
1641 4511 1834 4575 peccati
1868 4511 2208 4577 (πρωτάρχου
2244 4509 2401 4576 ἄτης)
2436 4509 2755 4560 conscientia.
