3442 4975
685 1566 892 1628 Erunt
939 1567 1233 1643 fortasse,
1282 1566 1391 1647 qui
1440 1566 1505 1628 in
1551 1564 1678 1627 hoc
1726 1563 1945 1627 libello
1993 1564 2304 1627 nonnulla
2343 1563 2833 1647 reprehendant.

597 1676 723 1741 Sed
771 1701 922 1743 cum
972 1679 1555 1743 in-conscribendo
1602 1678 1730 1741 hoc
1778 1679 2100 1760 opusculo
2139 1678 2317 1755 mihi,
2344 1680 2457 1761 qui
2482 1700 2629 1742 sero
2655 1679 2837 1742 nullo

596 1794 714 1855 nisi
782 1794 930 1856 Deo
976 1795 1145 1857 duce
1191 1794 1273 1856 ad
1324 1792 1484 1855 haec
1532 1794 1749 1856 studia
1794 1794 2082 1875 perveni,
2129 1793 2333 1856 multa
2380 1792 2706 1856 obfuerint
2751 1802 2836 1870 et,

597 1909 845 1970 etiamsi
893 1907 1356 1990 impedimenta
1393 1908 1631 1969 fuerint
1672 1892 1983 1983 nullajne
2022 1915 2160 1970 tum
2204 1908 2467 1989 quidem
2494 1906 2576 1968 ab
2603 1908 2837 1971 iuvene

596 2022 899 2103 imperito
950 2042 1116 2103 opus
1162 2022 1468 2084 omnibus
1517 2022 1805 2083 numeris
1844 2021 2200 2103 perfectum
2241 2030 2437 2103 atque
2462 2020 2834 2085 absolutum

599 2134 874 2217 flagitari
945 2136 1175 2215 possit,
1246 2155 1437 2217 spero
1506 2135 1665 2210 fore,
1739 2143 1811 2197 ut
1879 2135 1941 2211 ii,
2014 2137 2124 2217 qui
2193 2134 2275 2196 de
2334 2133 2462 2196 hoc
2518 2135 2837 2216 opusculo

595 2247 934 2310 iudicaturi
997 2250 1141 2325 sint,
1207 2250 1271 2310 in
1336 2248 1687 2310 iudicando
1735 2247 2188 2311 benevolentia
2234 2249 2295 2309 in
2345 2268 2452 2309 me
2496 2248 2838 2331 indulgen-

592 2361 810 2443 tiaque
857 2370 1140 2424 utantur.

681 2475 1197 2558 Argumentum,
1245 2477 1424 2560 quod
1475 2477 1767 2554 tractavi,
1827 2484 2111 2558 praestat
2149 2476 2467 2558 gravitate
2514 2476 2622 2554 rei,
2673 2474 2838 2540 diffi-

593 2589 941 2653 cultatibus
986 2592 1310 2668 abundat;
1363 2613 1482 2654 nec
1527 2601 1746 2655 tamen
1794 2590 1962 2654 hanc
2002 2611 2139 2653 rem
2166 2591 2494 2672 suscipere
2520 2591 2836 2668 dubitavi,

594 2703 764 2784 quia,
837 2713 909 2767 ut
975 2706 1188 2769 verbis
1259 2703 1533 2769 Orestae
1596 2714 1740 2768 utar
1802 2705 2009 2784 (Eum.
2096 2705 2472 2787 274—275)
2546 2704 2608 2768 ἐν
2677 2702 2835 2785 τῷδε

597 2820 922 2896 πράγματι
970 2824 1205 2897 φωνεῖν
1252 2821 1536 2900 ἐτάχθην
1587 2821 1743 2900 πρὸς
1789 2825 1981 2899 σοφοῦ
2031 2815 2433 2879 διδασκάλου.

684 2930 881 2993 Nunc
920 2941 1160 3010 autem,
1206 2933 1314 2996 ubi
1355 2932 1482 2995 hoc
1506 2953 1674 3016 opus
1700 2933 2181 3016 qualecumque
2205 2933 2287 2995 ad
2318 2932 2512 2994 finem
2537 2932 2836 3013 perduxi,

595 3043 755 3106 mihi
795 3047 1005 3110 facere
1030 3046 1238 3124 liceat,
1265 3048 1446 3130 quod
1473 3049 1601 3110 iam
1629 3048 1739 3110 diu
1766 3048 2150 3129 gestiebam,
2179 3055 2251 3108 ut
2272 3046 2491 3127 palam
2516 3045 2837 3127 profitear,

595 3161 754 3244 quid
815 3160 952 3236 tibi,
1012 3161 1367 3224 clarissime
1433 3161 1729 3242 Woltjer,
1792 3161 2092 3237 debeam,
2142 3168 2344 3242 utque
2390 3159 2502 3221 tibi
2550 3157 2837 3220 debitam

597 3275 870 3338 referam
939 3277 1233 3356 gratiam.
1328 3273 1396 3337 Si
1463 3277 1632 3337 enim
1695 3275 1854 3356 quid
1918 3273 2104 3365 sapio
2152 3274 2216 3335 in
2262 3272 2544 3354 antiquis
2590 3271 2835 3348 litteris,

600 3390 650 3450 si
701 3388 895 3451 ullam
943 3409 1134 3452 verae
1174 3389 1481 3453 scientiae
1524 3389 1858 3452 notionem
1898 3388 2171 3464 obtinui,
2198 3385 2357 3449 haec
2381 3385 2498 3449 tibi
2525 3386 2838 3468 imprimis

599 3502 833 3565 debeo·
884 3503 1224 3584 Quantum
1272 3511 1493 3565 autem
1540 3503 1825 3566 fructum
1872 3504 2014 3584 cepi
2062 3522 2148 3565 ex
2195 3510 2307 3563 tua
2346 3499 2838 3576 consuetudine,

599 3637 730 3698 qua
785 3638 888 3679 me
944 3618 1294 3699 praecipue
1340 3615 1469 3679 hoc
1514 3617 1862 3680 triennium
1911 3616 2045 3680 fere
2091 3617 2408 3681 cotidiana
2460 3635 2650 3678 usum
2698 3636 2841 3677 esse

600 3732 754 3794 satis
800 3731 1142 3794 aestimare
1191 3731 1305 3792 vix
1351 3731 1655 3812 possum!
1723 3731 1981 3812 Quodsi
2030 3733 2186 3814 quid
2234 3734 2297 3793 in
2344 3730 2473 3793 hoc
2519 3729 2841 3812 opusculo

600 3846 896 3908 utilitatis
969 3846 1180 3907 inesse
1249 3846 1565 3920 videatur,
1637 3866 1849 3928 neque
1913 3866 2019 3908 me
2076 3845 2350 3908 alterum
2416 3844 2840 3908 Phaetontem

599 3980 742 4022 esse
811 3967 1139 4040 appareat,
1203 3958 1321 4021 has
1383 3961 1700 4041 primitias
1762 3980 2018 4021 summa
2066 3980 2218 4021 cum
2264 3961 2680 4022 veneratione
2724 3957 2839 4020 tibi

600 4073 829 4135 offero.
926 4073 1038 4135 Me
1121 4081 1340 4135 autem
1412 4073 1670 4136 felicem
1752 4072 2077 4154 praediCO,
2152 4071 2331 4154 quod
2405 4070 2842 4154 Gymnasium

601 4196 924 4266 nostrum,
970 4187 1449 4265 Reformatum,
1514 4188 1694 4269 quod
1758 4187 1905 4250 Deo
1967 4197 2251 4269 tuaeque
2315 4187 2602 4250 maxime
2650 4207 2842 4249 curae

601 4301 938 4378 debemuS,
998 4321 1196 4363 causa
1255 4302 1474 4364 futura
1534 4303 1636 4378 sit,
1683 4322 1802 4363 cur
1848 4302 2041 4364 etiam
2092 4303 2154 4363 in
2201 4309 2535 4384 posterum
2581 4310 2841 4383 tempus

599 4424 715 4479 tuo
780 4415 1086 4497 exemplo
1148 4435 1280 4477 non
1340 4436 1616 4492 caream,
1667 4435 1787 4478 nec
1834 4416 2071 4478 summi
2118 4413 2439 4497 philologi
2489 4416 2841 4495 imaginem

598 4546 690 4598 ex
731 4529 952 4592 animo
997 4529 1311 4593 amittam.
