3442 4975
1659 410 1697 473 7
1753 430 1761 435 .

562 581 780 664 aliqua
849 580 1245 643 diiudicandi
1318 599 1548 641 norma
1619 581 1893 665 inveniri
1962 584 2227 646 minime
2295 594 2529 667 potest.
2628 587 2815 650 Haec

562 705 819 760 tantum
861 695 974 755 >ad
1047 693 1364 756 Giintheri
1437 695 1686 757 monita
1754 696 1948 771 addo,
2019 700 2254 778 partim
2324 721 2419 775 ea,
2490 721 2657 782 quae
2726 724 2811 764 ex

563 818 795 872 natura
862 816 1060 889 atque
1120 806 1340 870 indole
1387 807 1790 890 singularum
1838 830 2264 891 personarum
2310 790 2811 903 consequantur,

563 943 697 985 non
793 922 1013 983 omnia
1081 918 1396 1001 Aeschyli
1468 930 1753 985 mentem
1824 926 2212 1005 exprimere,
2284 926 2401 987 nisi
2467 928 2603 989 eius
2669 949 2812 1010 per-

563 1056 763 1099 sonae
833 1036 1040 1118 pietas
1109 1054 1269 1117 erga
1314 1034 1474 1098 deos
1521 1037 1785 1118 propria
1832 1038 1953 1114 sit;
2003 1040 2257 1120 partim,
2304 1030 2659 1121 plurimum
2710 1063 2809 1111 req

560 1150 746 1226 serre,
795 1169 930 1231 quo
977 1149 1040 1231 in
1087 1157 1257 1212 statu
1306 1170 1383 1211 ac
1431 1149 1822 1213 condicione
1844 1151 2065 1234 aliqua
2086 1173 2368 1234 persona
2396 1163 2689 1218 versetur
2724 1156 2806 1237 1),

562 1282 713 1324 cum
783 1262 1016 1325 eadem
1063 1282 1342 1343 persona
1388 1263 1617 1325 eadem
1665 1264 1749 1326 de
1797 1285 1865 1327 re
1910 1265 2069 1328 alias
2112 1266 2297 1329 aliter
2342 1270 2579 1331 sentire
2626 1269 2802 1331 vide·

561 1386 728 1450 atur,
780 1386 849 1439 ut
897 1375 1393 1459 Clytaemestra,
1442 1376 1771 1455 EteocleS,
1822 1379 2123 1461 ErinyeS‚
2176 1381 2623 1461 PrometheuS,
2672 1383 2805 1448 alii.

561 1488 634 1555 Si.
681 1490 962 1573 denique
1009 1491 1228 1553 variae
1274 1489 1358 1553 de
1403 1492 1630 1553 iisdem
1679 1492 1874 1555 rebus
1922 1496 2276 1557 sententiae
2323 1505 2691 1574 occurrunt,
2718 1498 2807 1560 ita

562 1614 631 1668 ut
701 1603 949 1687 vulgari
1014 1604 1205 1667 alicui
1277 1605 1570 1687 opinioni
1619 1626 1793 1669 nova
1838 1628 1916 1670 ac
1962 1628 2104 1679 rara
2150 1611 2369 1691 opinio
2416 1620 2805 1693 opponatur,

555 1729 668 1781 aut
714 1720 1030 1782 sententia
1075 1718 1374 1783 altiorem
1422 1728 1771 1783 testantem
1822 1730 2109 1785 mentem
2156 1723 2263 1785 alii
2292 1726 2521 1807 magis
2565 1745 2805 1808 pravae

555 1831 922 1915 humilique
991 1834 1364 1911 sententiae,
1433 1833 1827 1916 plerumque
1888 1834 2062 1898 haud
2110 1835 2368 1900 difficile
2412 1840 2531 1901 erit
2576 1839 2804 1901 diiudi-

553 1966 724 2022 care,
775 1956 918 2009 utra
962 1948 1325 2029 sit-poetae
1372 1947 1802 2010 attribuenda.
2010 2032 2016 2036 ι
2345 2016 2348 2018 ,

644 2059 783 2121 Iam
811 2068 1028 2136 restat,
1075 2069 1143 2123 ut
1167 2061 1248 2123 de
1271 2059 1583 2137 fontibus,
1621 2082 1709 2123 ex
1734 2061 1972 2143 quibus
1996 2061 2803 2153 Aeschylussuasdediis

552 2181 750 2255 atque
782 2173 863 2236 de
887 2194 1148 2269 summo
1175 2175 1300 2236 deo
1327 2174 1610 2241 hauserit
1633 2176 1995 2257 opinioneS,
2012 2197 2222 2258 pauca
2237 2199 2638 2255 moneamus„
2670 2181 2800 2262 Qui

558 2290 767 2351 sontes
795 2288 1078 2351 duorum
1103 2298 1255 2352 sunt
1279 2310 1616 2371 generum.
1700 2290 1936 2376 Unum,
1952 2300 2050 2355 est
2070 2312 2304 2375 ⁴genuS,
2332 2294 2514 2376 quod.
2534 2293 2803 2376 originis

559 2404 838 2479 divinae,
909 2403 1208 2481 alterum,
1281 2405 1460 2488 quod
1508 2405 1834 2469 humanae
1880 2406 2146 2489 originis
2192 2408 2518 2491 appellare
2562 2398 2798 2492 placet,

562 2538 965 2602 quamquam
1011 2520 1338 2601 posterius
1383 2539 1612 2601 genuS,
1659 2520 1711 2582 si
1763 2540 1970 2603 usque
2015 2522 2099 2583 ad
2145 2530 2508 2584 extremam
2532 2542 2800 2585 causam

547 2641 987 2715 penetramuS,
1037 2653 1168 2696 non
1218 2633 1431 2696 minus
1478 2653 1676 2715 quam
1726 2632 2005 2696 alterum
2043 2655 2253 2716 genus
2292 2635 2481 2698 adeo
2507 2645 2799 2718 repeten-

551 2746 710 2807 dum
779 2755 895 2823 est,
969 2746 1062 2808 sic
1134 2754 1205 2809 ut
1270 2755 1510 2828 puteus
1554 2767 1795 2828 aquam
1844 2768 1930 2810 ex
1977 2733 2246 2812 flumine
2292 2748 2513 2832 aliquo
2559 2748 2798 2812 habere

547 2867 782 2940 potest,
829 2859 1046 2940 ipsum
1093 2867 1313 2922 autem
1361 2859 1622 2925 flumen.
1651 2859 1938 2924 nascitur
1983 2882 2069 2924 ex
2116 2864 2295 2939 mari,
2325 2872 2439 2927 aut
2476 2864 2528 2926 si
2568 2865 2795 2941 maviS,

547 2994 634 3036 ex
709 2971 1026 3035 imbribus
1096 2982 1162 3036 et
1228 2973 1507 3051 nivibUS,
1582 2995 1754 3056 quae
1822 2995 1910 3037 ex
1981 2976 2141 3038 mari
2209 2977 2507 3039 oriuntur
2573 2986 2661 3039 et·
2708 2999 2792 3040 ex

550 3087 922 3094 ——-——.-—-.0

545 3134 915 3185 beziehentlich
951 3135 1041 3185 aus
1069 3135 1516 3185 divinatorischem
1550 3137 1710 3200 Wege
1744 3135 1998 3208 geihnden
2036 3137 2257 3189 werden.
2323 3138 2401 3186 Im
2437 3138 2793 3204 Allgemeinen

547 3227 667 3276 aber
719 3226 839 3275 lasst
890 3227 1000 3276 sich
1047 3227 1180 3276 doch
1232 3227 1324 3276 der
1356 3227 1639 3276 Grundsatz
1673 3226 1953 3291 aufstellem
1988 3228 2105 3276 dass
2139 3229 2192 3276 in
2227 3228 2388 3278 vielen
2424 3228 2598 3279 Fallen
2634 3230 2793 3288 sehon

545 3318 628 3368 die
680 3318 886 3381 Person,
938 3317 1156 3367 welcher
1202 3317 1287 3368 ein
1331 3317 1385 3365 in
1434 3318 1553 3366 dem
1599 3318 1883 3382 gedachten
1930 3317 2085 3367 Sinne
2134 3319 2790 3391 charakteristischer'Aus-

545 3408 732 3474 spruch
779 3409 831 3457 in
877 3409 978 3458 den
1031 3408 1192 3456 Mund
1243 3409 1413 3473 gelegt
1471 3409 1614 3467 wird,
1667 3425 1710 3458 z.
1760 3409 1817 3458 B.
1873 3410 1941 3458 ob
1989 3410 2126 3459 diese
2178 3411 2268 3459 der
2304 3410 2439 3459 Chor
2473 3411 2515 3459 is
2549 3409 2670 3460 oder
2696 3401 2793 3478 'der

544 3517 662 3549 vom
711 3501 897 3549 Pathos
943 3499 1207 3566 ergriffene
1260 3500 1402 3549 Held
1449 3501 1573 3551 oder
1605 3501 1697 3549 der
1732 3500 2113 3567 Gegenspieler,
2149 3501 2199 3550 in
2234 3503 2455 3552 anderen
2490 3503 2677 3552 wieder
2709 3502 2792 3552 die

543 3592 772 3642 einsache
806 3593 1105 3652 Thatsache,
1141 3593 1256 3642 dass
1290 3593 1380 3642 der
1418 3591 1629 3642 Dichter
1667 3593 1779 3642 eine
1813 3594 2025 3659 gewisse
2059 3593 2361 3660 Thatsache‚
2396 3594 2543 3644 einen
2564 3594 2789 3654 Zweifel‚

543 3684 656 3734 eine
703 3685 1035 3750 Behauptung
1083 3685 1364 3750 uberhaupt
1413 3685 1666 3750 anbringt,
1721 3686 1997 3751 respective
2048 3677 2237 3752 anregt,
2272 3687 2389 3736 dem
2421 3704 2481 3736 zu
2515 3687 2788 3736 bildenden

543 3777 741 3826 Urtheil
807 3778 906 3826 den
973 3784 1146 3842 regten
1213 3777 1343 3842 Weg
1409 3777 1586 3842 zeigt.''
1638 3801 1705 3814 -
1760 3778 2089 3843 Reliquarum
2145 3786 2377 3844 quattuor
2437 3794 2618 3841 rerum,
2668 3795 2791 3845 quas

543 3867 773 3918 Giinther
823 3869 963 3918 affert
1008 3869 1076 3934 (p.
1137 3869 1350 3935 15—17)
1400 3870 1531 3918 duae
1578 3871 1769 3935 priores
1816 3871 1882 3919 ad
1918 3870 2262 3920 difficultatem
2300 3886 2448 3936 supra
2483 3887 2790 3920 commemo-

539 3968 696 4010 ratam
748 3960 973 4021 redeunt,
1008 3960 1191 4010 alterae
1225 3961 1355 4010 duae
1391 3961 1455 4010 ad
1492 3968 1676 4010 rectam
1713 3961 2030 4028 singulorum
2065 3962 2291 4011 locorum
2327 3962 2787 4027 interpretationem

541 4052 808 4117 pertinent.
1403 4089 1426 4112 .

615 4145 660 4211 1)
707 4143 809 4194 Csr.
843 4144 1045 4194 Platner
1078 4161 1160 4210 op.
1196 4144 1229 4194 l.
1265 4161 1313 4209 p.
1351 4145 1444 4209 67:
1481 4145 1616 4206 „Wo
1651 4146 1812 4194 durch
1848 4147 1949 4195 den
1982 4147 2201 4195 Zustand
2237 4146 2342 4196 und
2376 4145 2475 4194 den
2512 4145 2788 4196 Charakter

541 4236 805 4285 derselben
837 4236 948 4301 (der
981 4235 1342 4302 sprechenden)
1377 4237 1588 4301 gewisse
1625 4238 1946 4305 Aussprnche
1980 4238 2370 4304 psychologisch
2405 4237 2625 4287 motivirt
2658 4239 2787 4298 sind,

541 4327 666 4376 wird
703 4344 822 4376 man
853 4328 1001 4377 dasur
1033 4327 1309 4394 allerdings
1343 4329 1441 4378 den
1479 4329 1692 4378 Dichter
1726 4329 1866 4379 nicht
1902 4331 2311 4380 verantwortlich
2342 4330 2552 4380 machen
2568 4331 2787 4381 konnen.

542 4418 670 4468 Dies
716 4419 811 4484 gilt
860 4436 902 4468 z.
952 4421 1009 4470 B.
1045 4436 1144 4468 von
1179 4421 1268 4470 der
1300 4423 1618 4486 Aeusserung
1652 4422 1743 4470 der
1778 4421 2192 4487 Clytaemnestra,
2226 4423 2343 4471 dass
2376 4422 2459 4470 die
2493 4431 2650 4487 μοῖρα
2688 4423 2787 4471 den

545 4509 694 4558 Mord
727 4511 816 4559 des
853 4512 1203 4574 Agamemnon
1222 4513 1536 4561 verschuldet
1553 4511 1737 4583 habe?
1756 4540 1822 4550 —-
1843 4514 1973 4562 Vide
1992 4514 2142 4562 etiam
2161 4513 2405 4571 Schmidt,
2426 4512 2583 4560 Ethik
2603 4530 2653 4576 p.
2677 4526 2787 4575 139.
