3442 4975
1614 396 1692 472 85

531 607 610 650 ac
659 605 895 648 caecae
941 582 1306 646 necessitati
1345 582 1456 644 det
1491 581 1733 645 locum.
1782 581 2121 644 Praeterea
2144 602 2297 643 cum
2324 579 2446 644 hac
2469 581 2778 663 opinione

530 699 692 762 illud
761 693 1107 777 ὑπέρτερον
1178 704 1450 776 pugnat,
1522 696 1673 776 quia
1743 694 2109 776 secundum
2177 695 2344 756 hanc
2414 695 2775 758 doctrinam

533 810 691 876 nihil
761 811 1032 874 materia
1092 807 1396 890 superius
1457 815 1688 872 exstat.
1781 808 1877 870 At
1923 809 2198 872 sortasse
2244 809 2497 890 putabit
2542 809 2776 891 aliquis

533 926 698 990 haec
745 925 946 990 verba
994 926 1246 1006 poetice
1292 923 1659 1004 exprimere
1706 922 2076 984 doctrinam
2114 943 2369 999 eorum,
2410 923 2521 1004 qui
2548 923 2623 984 τὸ
2647 927 2776 986 πᾶν

529 1042 727 1105 deum
769 1061 914 1103 esse
939 1040 1228 1115 credunt,
1255 1037 1740 1119 Spinozamque
1767 1037 1864 1118 (ut
1887 1034 2245 1100 clarissimo
2272 1035 2581 1118 exemplo
2610 1034 2777 1118 utar)

531 1155 629 1218 his
675 1153 890 1218 verbis
938 1149 1213 1234 pulchre
1263 1151 1354 1214 uti
1401 1150 1714 1231 potuisse.
1768 1148 1969 1230 Quod
2018 1150 2072 1212 si
2121 1149 2573 1228 concederem,
2613 1149 2775 1213 illud

529 1270 976 1350 fragmentum
1024 1267 1117 1328 sic
1165 1263 1721 1348 interpretandum
1762 1271 1953 1340 esset,
2004 1271 2075 1326 ut
2122 1263 2195 1324 τὸ
2241 1261 2579 1346 ὑπέρτερον
2624 1263 2778 1326 deus

526 1382 661 1444 sive
725 1367 1073 1444 substantia
1145 1386 1335 1456 esset,
1405 1376 1632 1440 aether
1699 1385 1920 1440 autem
1993 1387 2057 1440 et
2123 1386 2294 1452 terra
2361 1387 2427 1440 et
2494 1378 2773 1457 caelum,

529 1498 742 1560 omnia
815 1496 1120 1578 denique,
1184 1512 1354 1575 quae
1417 1502 1661 1554 certam
1720 1490 2005 1573 aliquam
2057 1491 2299 1555 habent
2344 1491 2625 1556 formam
2672 1493 2775 1558 vel

527 1619 777 1692 partem
854 1609 1137 1671 universi
1209 1606 1518 1680 efficiunt,
1588 1605 1783 1668 huius
1852 1606 2253 1670 substantiae
2308 1617 2531 1672 essent
2590 1609 2774 1673 modi.

529 1726 687 1789 Non
771 1725 1098 1788 assentior
1182 1724 1382 1804 igitur
1467 1720 1998 1804 Naegelsbacho‚
2084 1724 2194 1806 qui
2273 1720 2431 1786 dicit
2498 1744 2583 1786 ex
2652 1723 2774 1786 illis

529 1837 860 1920 prioribus
929 1836 1185 1900 verbis:
1261 1838 1461 1911 „Ze-159
1526 1835 1698 1895 ἐστιν
1766 1839 1985 1916 αΐθήρ,
2046 1834 2206 1907 Ζεύς
2252 1832 2320 1896 δέ
2364 1841 2463 1913 γῆ,
2510 1835 2668 1908 Ζεύς
2715 1833 2770 1897 δ’

529 1952 814 2032 οὐρανός,
887 1953 1047 2023 Ζεύς
1097 1971 1193 2012 τοι
1241 1951 1323 2010 τά
1374 1949 1640 2012 πάντα”
1704 1949 2035 2031 quendam
2094 1949 2585 2032 pantheismum
2630 1950 2773 2014 elici

527 2086 741 2148 posse,
813 2065 935 2128 hac
1005 2073 1225 2128 tamen
1294 2065 1602 2146 opinione
1672 2064 2237 2145 supersedendum
2307 2084 2451 2126 esse
2506 2073 2774 2148 propter

445 2181 450 2186 ’
525 2179 687 2242 illud
739 2180 892 2261 χςὸτι
943 2176 1134 2242 τῶνδ’
1182 2175 1537 2259 ὑπέρτερον.
1599 2177 1654 2261 1)
1821 2173 1829 2179 ’

617 2291 844 2373 Ipsum
885 2291 1060 2354 enim
1090 2313 1160 2350 το
1183 2289 1541 2371 ὑπέρτερον,
1569 2290 1751 2371 quod
1779 2287 2243 2371 Naegelsbach
2269 2310 2421 2354 cum
2443 2290 2771 2372 pantheis-

527 2426 638 2468 mo
683 2425 977 2489 pugnare
1023 2405 1203 2481 dicit,
1253 2423 1457 2466 unum
1503 2403 1587 2465 ad
1631 2401 2122 2486 pantheismum
2169 2403 2492 2484 pertinere
2536 2405 2766 2488 possit.

529 2522 707 2583 Nam
789 2523 844 2585 si
913 2520 1037 2583 hac
1104 2539 1269 2582 voce
1349 2519 1595 2583 omissa
1664 2518 1917 2601 reliqua
2000 2539 2088 2581 ex
2156 2508 2511 2600 Spinozae⁸
2550 2528 2769 2583 mente

522 2643 949 2712 verteremuS,
1019 2634 1235 2697 versio
1304 2642 1474 2697 esset
1542 2632 1735 2695 haec:
1813 2631 2000 2697 Medi
2037 2620 2193 2695 sunl
2230 2631 2404 2697 deus.
2496 2631 2768 2697 Constat

596 2919 641 2986 1)
687 2919 971 2969 Nachhom.
1019 2918 1201 2967 Theol.
1252 2934 1301 2981 p.
1345 2918 1636 2981 137—138:
1692 2919 1801 2977 „Zu
1852 2917 2012 2967 voller
2060 2918 2380 2983 Wiirdigung
2415 2920 2504 2968 der
2538 2920 2768 2986 Stellung

523 3013 614 3061 des
645 3010 1051 3076 GotterknnigeS‚
1086 3010 1169 3059 die
1203 3010 1313 3059 sich
1348 3026 1440 3059 uns
1462 3010 1700 3059 zunachst
1713 3025 1807 3058 aus
1824 3010 1923 3059 den
1944 3011 2533 3078 Familienbeziehungen
2551 3015 2771 3079 ergeben

521 3105 624 3170 hat,
674 3103 858 3153 nehme
903 3118 1020 3153 man
1067 3102 1200 3151 noch
1247 3100 1480 3165 folgende
1532 3101 1941 3166 Anschauungen
1986 3101 2088 3151 und
2126 3103 2389 3168 Aussagen
2426 3104 2479 3152 in
2509 3105 2768 3155 Retracht:

531 3234 543 3247 .
597 3234 608 3245 .
664 3235 676 3247 .
730 3234 743 3245 .
804 3208 852 3257 3.
902 3194 1007 3243 Das
1058 3192 1445 3257 Aeschyleische
1510 3193 1782 3256 Fragment
1834 3203 1929 3256 295
1982 3192 2153 3258 (379):
2220 3194 2362 3251 Ζεύς
2415 3196 2563 3245 ἐστιν
2593 3235 2604 3246 .
2643 3236 2654 3247 .
2694 3236 2705 3247 .
2746 3236 2757 3247 .

524 3288 835 3353 ὑπέρτερον,
888 3286 940 3333 in
989 3285 1204 3334 welcher
1251 3284 1403 3334 Stelle
1451 3284 1541 3332 der
1575 3284 1941 3332 anscheinende
1974 3284 2332 3333 Pantheismus
2363 3285 2522 3335 durch
2556 3286 2647 3335 das
2681 3292 2767 3336 καὶ

521 3380 601 3427 ὅτι
640 3378 796 3429 τῶνδ’
838 3379 1131 3444 ὑπέρτερον
1166 3376 1352 3425 wieder
1385 3376 1702 3441 ausgelzoben
1737 3375 1841 3425 und
1877 3375 1930 3423 in
1964 3376 2093 3425 Zeus
2125 3376 2266 3425 nicht
2295 3377 2396 3425 blos
2428 3378 2520 3427 das
2540 3378 2773 3428 filoment

522 3472 614 3519 der
663 3470 962 3519 Immanenz
1011 3468 1230 3517 sondern
1281 3468 1410 3517 auch
1461 3466 1553 3515 der
1612 3468 1663 3514 T
1655 3466 2017 3515 ramscendenz
2066 3468 2364 3517 anerkannt
2394 3469 2544 3518 wird.
2612 3468 2769 3521 Manu

523 3562 648 3611 wird
699 3560 1012 3626 demzufolge
1063 3559 1203 3608 nicht
1255 3559 1430 3607 umhin
1481 3559 1688 3609 konnen
1740 3558 2115 3622 zuzugestehen‚
2168 3559 2283 3607 dass
2328 3557 2411 3607 die
2456 3558 2768 3624 griechische

523 3652 984 3716 Weltanschauung
1036 3649 1388 3699 vornehmlich
1433 3648 1517 3699 bei
1565 3648 1847 3713 Aeschylus
1892 3648 1946 3697 in
1993 3649 2082 3699 der
2116 3649 2438 3715 Ausbildung
2473 3649 2607 3701 ihrer
2642 3652 2772 3701 Vor-'
2852 3654 2857 3659 '

522 3744 802 3808 stellungen
853 3760 954 3795 von
1007 3743 1136 3793 Zeus
1187 3743 1301 3791 eine
1353 3742 1599 3807 mdclzttge
1645 3742 1899 3806 Nezjgung
1943 3759 2058 3793 zum
2108 3744 2511 3795 Monotheismus
2556 3761 2628 3793 an
2672 3746 2768 3795 den

529 3837 641 3899 Tag
672 3837 782 3899 lege.
1350 3896 1354 3904 .

585 3927 688 3979 Sed
729 3926 780 3976 1⁰
812 3943 874 3977 ex
909 3927 1161 3992 prioribus
1193 3925 1462 3991 fragmenti
1497 3925 1664 3975 verbis
1699 3926 1839 3975 nulla
1870 3926 2230 3985 „Immanenz”
2266 3926 2513 3979 elicienda
2546 3928 2765 3985 videtur:

524 4019 579 4069 2⁰
611 4019 700 4069 illa
733 4036 857 4069 voce
891 4036 1018 4085 quae
1053 4026 1127 4069 est
1162 4020 1456 4087 ὑπέρτερον
1491 4020 1813 4069 eodem-iure
1847 4020 2205 4079 „Immanenz”
2220 4026 2271 4069 et
2292 4020 2767 4079 „Transscendenz”

520 4109 790 4176 significari
835 4112 1007 4177 possit,
1053 4111 1304 4175 siquidem
1350 4114 1630 4161 substantia
1686 4112 1955 4177 ἱϊιερτέρα
2004 4110 2059 4176 (i.
2105 4127 2149 4161 e.
2198 4110 2440 4173 superior,
2482 4109 2667 4177 maior)
2694 4119 2769 4164 est

520 4218 672 4266 quam
707 4203 870 4260 modi‚·
905 4202 960 4267 3⁰
992 4202 1208 4268 Spinoza
1241 4202 1665 4251 monotheismum
1699 4202 1906 4251 minime
1940 4200 2119 4251 refutat
2151 4200 2275 4267 (Cfr.
2314 4201 2480 4255 Ethic.
2506 4202 2545 4266 1,
2565 4216 2766 4267 propos,

525 4295 670 4360 XIV,
713 4294 903 4345 Coroll.
940 4295 991 4344 1:
1049 4295 1190 4345 Hinc
1242 4294 1514 4344 clarissime
1561 4294 1781 4359 sequitur
1832 4306 1874 4343 1.
1922 4294 2095 4341 Deum
2142 4309 2241 4343 esse
2291 4294 2519 4354 unicum,-
2562 4295 2660 4344 hoc
2693 4302 2769 4345 est

517 4385 626 4451 (per
677 4386 829 4436 defin.
873 4386 924 4451 6)
977 4386 1030 4434 in
1077 4402 1243 4435 rerum
1291 4392 1472 4435 natura
1511 4402 1614 4433 non
1662 4384 1763 4433 nisi
1812 4400 1962 4433 unam
2008 4384 2338 4435 substantiam
2384 4386 2509 4450 dari,
2554 4393 2767 4452 eamque

521 4477 750 4529 absolute
785 4478 1034 4528 infinitam
1069 4494 1192 4539 esse,
1228 4484 1281 4527 ut
1316 4478 1367 4526 in
1403 4478 1597 4526 scholio
1631 4493 1777 4543 prop.
1817 4490 1877 4526 10
1912 4477 2013 4527 iam
2048 4476 2340 4543 innuimus).
