3442 4975
1765 421 1851 489 70

681 592 1024 675 ulciscendi
1107 614 1298 658 causa
1405 594 1784 677 supplicium
1872 596 1953 658 de
2038 606 2242 661 matre
2334 599 2699 680 sumpsisse,
2790 624 2936 666 cum

676 708 1048 790 praesertim
1135 710 1392 773 deorum
1483 708 1941 774 immortalium
2030 710 2212 775 iussis
2278 690 2466 797 atque
2528 716 2797 780 oraculis
2866 716 2945 781 id

680 822 901 894 fecisse
965 822 1274 899 dicantur,
1343 834 1558 913 tamen
1622 834 1698 887 ut
1759 845 1860 887 eos
1930 808 2176 907 agitent
2223 802 2469 913 suriae,
2540 850 2734 913 neque
2804 853 2939 895 con-

682 938 897 1001 sistere
962 958 1232 1019 usquam
1284 938 1643 1019 patiantur,
1711 939 1889 1023 quod
1948 962 2022 1003 ne
2074 940 2183 1022 pii
2244 936 2497 1024 quidem
2542 943 2675 1007 sine
2718 946 2940 1009 scelere

686 1073 814 1116 esse
867 1062 1212 1135 potuerunt
1231 1054 1267 1117 ,9
1339 1052 1447 1117 Sic
1509 1042 1582 1117 se·
1642 1075 1742 1118 res
1805 1054 2005 1130 habet,
2076 1054 2324 1119 iudices,
2388 1056 2712 1139 Magnam
2782 1060 2938 1136 vim,

689 1188 998 1246 magnam
1065 1176 1502 1245 necessitatem,
1550 1189 1862 1248 magnam
1900 1168 2178 1249 possidet
2218 1168 2591 1251 religionem
2631 1182 2939 1249 paternus

691 1291 1122 1365 maternusque
1186 1281 1450 1363 sanguis
1469 1305 1492 1345 .·
1559 1303 1643 1345 ex
1706 1304 1825 1364 quo
1888 1281 1949 1345 si
2009 1304 2137 1364 qua
2194 1283 2451 1371 macula
2494 1295 2781 1367 concepta
2828 1298 2942 1367 est,

692 1417 811 1459 non
876 1396 1060 1459 modo
1126 1395 1250 1459 elui
1314 1416 1434 1459 non
1486 1404 1708 1477 potest,
1780 1417 1995 1459 verum
2062 1373 2258 1479 usque
2324 1419 2390 1461 eo
2442 1398 2792 1480 permanat
2855 1399 2950 1461 ad

692 1509 1002 1587 animum,
1071 1518 1165 1572 ‘ut
1246 1530 1529 1587 summus
1600 1509 1806 1593 furor
1881 1520 2068 1594 atque
2150 1511 2427 1575 amentia
2505 1522 2943 1595 consequatur.

694 1623 903 1687 Nolite
961 1621 1130 1685 enim
1192 1631 1438 1703 putare,
1496 1623 2024 1705 quemadmodum
2086 1624 2154 1687 in
2210 1624 2445 1698 fabulis
2500 1636 2944 1707 saepenumero

695 1735 938 1814 videtz's,
1029 1756 1130 1798 eos
1216 1735 1332 1818 qui
1414 1736 1658 1819 aliquid
1745 1736 1934 1818 impie
2015 1738 2420 1823 scelerateque
2501 1738 2943 1819 commiserint,

697 1849 943 1930 agitari
1040 1860 1103 1913 et
1178 1849 1518 1930 perterreri
1609 1849 1949 1913 Furiarum
2040 1851 2242 1914 taedis
2330 1851 2715 1918 ardentibus.
2812 1852 2949 1916 Sua

697 1986 1004 2048 quemque
1067 1963 1261 2042 fmus
1325 1974 1387 2027 et
1447 1984 1602 2027 suus
1669 1973 1871 2028 terror
1912 1965 2191 2029 maxime
2235 1975 2429 2029 vexat
2437 1991 2455 2043 3
2505 1987 2693 2029 suum
2737 1988 2949 2049 quem-

699 2101 820 2161 que
883 2079 1083 2142 scelus
1140 2078 1354 2157 agitat
1412 2079 1812 2160 amentiaque
1884 2078 2121 2163 afficit;
2180 2100 2334 2143 suae
2380 2080 2590 2142 malae
2635 2080 2949 2161 cogitatio-

705 2214 811 2256 nes
857 2192 1378 2277 conscientiaeque
1423 2191 1629 2255 animi
1668 2202 1917 2257 terrent.
2011 2193 2160 2255 Hae
2202 2204 2354 2257 sunt
2391 2193 2603 2275 impiis
2658 2195 2956 2259 assiduae

703 2305 1188 2390 domesticaeque
1255 2305 1508 2384 Furiae,
1576 2328 1741 2388 quae
1808 2306 1943 2370 dies
1988 2306 2299 2389 noctisque
2339 2317 2678 2382 parentum
2718 2319 2954 2389 poenas

707 2444 749 2484 a
794 2419 1388 2486 consceleratissimis
1416 2419 1581 2506 filiis
1625 2420 1969 2506 repetant.’'

800 2537 995 2600 Hanc
1041 2537 1242 2618 igitur
1287 2535 1471 2625 chori
1519 2536 1897 2618 opinionem
1943 2535 2094 2598 dico
2120 2535 2319 2598 etiam
2350 2533 2672 2617 Aeschyli
2700 2557 2858 2614 esse,
2897 2536 2956 2620 1)

709 2672 841 2715 non
912 2651 1092 2734 quod
1159 2650 1399 2714 chorus
1486 2661 1734 2732 semper
1798 2659 2087 2713 mentem
2158 2657 2395 2733 poetae
2463 2653 2807 2734 exprimat,
2886 2659 2958 2713 ut

709 2763 852 2828 vult
922 2764 1218 2848 Herwig,
1291 2767 1352 2841 2)
1398 2763 1512 2828 sed
1583 2764 1737 2846 quia
1804 2763 1900 2825 sic
1963 2764 2342 2845 saepissime
2388 2783 2493 2828 res
2537 2785 2607 2827 se
2651 2765 2849 2828 habet
2894 2772 2961 2826 et

659 2879 1060 2963 ·praecipue
1151 2877 1228 2939 iis
1297 2877 1478 2956 lociS,
1573 2878 1684 2940 ubi
1754 2875 1993 2940 chorus
2061 2876 2317 2960 placida
2386 2887 2604 2944 mente
2669 2879 2954 2963 aliquam

711 2992 959 3076 profert
1047 2992 1432 3058 sententiam
1522 2991 1881 3055 sententiae
1969 2990 2245 3054 alicuius
2336 3013 2656 3078 personae
2742 3003 2961 3059 mente

712 3106 1130 3170 vehementer
1173 3107 1456 3188 agitatae
1500 3105 1920 3182 contrariam3
1972 3105 2379 3188 quoaccedit,
2427 3107 2610 3191 quod
2675 3117 2740 3171 et
2797 3107 2963 3172 aliae

715 3241 815 3284 res
861 3240 982 3283 nos
1030 3219 1198 3284 hanc
1245 3220 1327 3285 de
1373 3219 1696 3302 Erinyutn
1742 3217 2213 3302 significatione
2252 3219 2627 3302 opinionem
2652 3222 2957 3306 amplecti

717 3343 968 3420 cogunt
1012 3344 1077 3398 et
1121 3335 1213 3397 sic
1259 3334 1475 3398 solum
1522 3333 1668 3398 illa'e
1715 3333 2188 3419 repugnantiae
2234 3355 2435 3417 supra
2480 3335 2963 3400 demonstratae

719 3447 883 3512 solvi
931 3455 1229 3530 possunt.

731 3620 738 3628 .
807 3563 1098 3625 Primum
1168 3560 1297 3624 hoc
1365 3569 1462 3624 est
1527 3570 1935 3646 argumento,
2025 3561 2405 3646 Aeschylus
2474 3584 2613 3628 rem
2682 3585 2814 3646 non
2877 3565 2965 3630 ita

721 3677 927 3758 fingit,
998 3684 1069 3738 ut
1136 3675 1416 3757 Erinyes
1483 3674 1609 3737 iam
1681 3674 1917 3754 adsint,
1985 3676 2370 3759 priusquam
2434 3665 2700 3742 Orestes
2749 3687 2966 3742 mente

721 3792 1034 3875 privetur,
1124 3789 1242 3852 sed
1334 3787 1600 3853 Orestes
1689 3790 1871 3872 prius
1937 3791 2262 3856 dementia
2330 3792 2604 3858 afficitur
2673 3792 2969 3877 (Choeplt.

733 3920 1201 3982 1020—10223
1293 3925 1352 3971 v.
1420 3923 1481 3987 p.
1549 3901 1662 3986 68)
1728 3912 1796 3969 et
1864 3909 2136 3968 demens
2203 3905 2413 3971 factus
2482 3915 2627 3970 tum
2698 3907 2967 3972 demum

724 4021 930 4084 cernit
1001 4019 1281 4102 Erinyes
1349 4018 1481 4104 (vv.
1561 4033 2041 4102 1044—10473
2109 4042 2168 4086 v,
2236 4041 2300 4103 p.
2370 4020 2504 4105 69),
2552 4041 2725 4105 quae
2770 4023 2971 4104 igitur

799 4222 847 4288 ι)
881 4221 966 4272 Sic
996 4221 1149 4270 etiam
1186 4221 1534 4279 Schoemann3
1569 4219 1686 4269 vide
1718 4237 1771 4285 p.
1809 4231 1889 4285 75,
1924 4227 2092 4270 annot.
2129 4220 2204 4272 ΙΙ.
2238 4219 2387 4270 huius
2420 4219 2553 4271 libri.

794 4312 844 4379 2)
882 4315 973 4364 Dr.
1025 4313 1145 4366 Chr.
1197 4313 1430 4379 Herwig,
1479 4314 1586 4362 Das
1637 4312 2081 4378 emisch-religiose
2126 4313 2444 4361 Fundament
2477 4312 2567 4360 der
2600 4311 2974 4376 aschyleischen

727 4406 995 4470 Trag6d5e‚
1031 4405 1285 4454 Konstanz
1327 4406 1470 4469 1878,
1505 4421 1556 4471 p.
1592 4417 1656 4468 32
1679 4421 1692 4453 ε
1713 4415 1742 4467 7
1778 4439 1835 4464 ,,.
1856 4440 1869 4453 .
1891 4403 1998 4454 ‚die
2033 4403 2203 4452 wahre
2237 4402 2581 4470 Anschauung
2616 4402 2707 4452 des
2738 4402 2975 4454 Dichters

728 4497 914 4566 spi-ich!
947 4497 1070 4561 hier,
1103 4497 1200 4546 wie
1230 4497 1446 4558 uberali,
1476 4497 1566 4548 der
1599 4497 1737 4548 Chor
1770 4493 1909 4551 auS,”
