3442 4975
1695 435 1698 438 ·
1734 429 1856 494 140

759 597 836 660 In
894 599 1102 662 Persis
1147 601 1428 684 denique
1476 601 1558 663 de
1605 601 1847 664 invidia
1894 604 2170 666 deorum
2218 616 2434 668 sermo
2482 614 2579 668 est
2624 626 2727 668 vv.
2782 617 2909 686 359

666 713 925 794 -3612
1301 707 1306 712 ’

977 829 1009 888 ὃ
1056 824 1114 888 δ’
1159 825 1350 902 εὐθύς
1396 829 1478 902 013,-
1526 833 1809 908 ἤκουσεν,
1858 829 1929 892 οὐ
1977 829 2184 904 ξυνεὶς
2232 826 2417 895 δόλον

971 938 1292 1023 (Ἕλληνος
1337 941 1749 1026 ἀνδρὸςούδὲ
1797 947 1905 1006 τὸν
1955 946 2129 1006 θεῶν
2176 937 2481 1027 φθόνοι),ν
2568 959 2575 962 “

977 1059 1174 1116 πᾶσιν
1227 1063 1551 1139 προφωνεῖ
1589 1055 1769 1120 τόνδε
1818 1063 2151 1141 ναυάρχοις
2196 1056 2402 1138 λόγον.
2478 1079 2483 1082 ·

755 1169 1048 1232 Primum
1093 1179 1312 1233 tamen
1360 1175 1676 1235 memoria
1721 1174 2081 1238 tenendum
2128 1183 2225 1237 est
2271 1175 2433 1236 haec
2477 1173 2673 1236 verba
2698 1170 2905 1236 nuntii

665 1276 829 1360 esse,
877 1284 1170 1348 eiusdem
1217 1287 1329 1368 qui
1377 1287 1579 1349 modo
1625 1287 1902 1351 dixisset
1949 1310 2053 1351 vv.
2104 1303 2361 1369 351—3
2377 1301 2494 1367 52:

977 1391 1157 1480 ἧρξεν
1202 1401 1312 1479 μὲν
1361 1390 1410 1460 ὦ
1459 1397 1781 1478 δέσποινα,
1831 1407 1945 1466 τοῦ
1995 1403 2241 1472 παντὸς
2289 1408 2480 1464 κακοῦ

973 1515 1186 1591 φανεὶς
1237 1510 1538 1601 ἀλάστμὶρ
1583 1519 1626 1596 ἦ
1673 1517 1861 1588 κακὸς
1908 1511 2152 1594 δαίμων
2201 1513 2427 1581 ποθέν.
2498 1524 2502 1530 ’
2580 1515 2584 1520 ’

753 1629 1052 1710 Apparet
1096 1630 1294 1710 igitur
1338 1628 1512 1692 hunc
1549 1631 1765 1694 virum
1790 1630 1983 1713 plane
2008 1632 2279 1708 nescire,
2310 1631 2481 1692 unde
2506 1629 2904 1692 hoc‘malum

665 1742 876 1804 Persis
924 1745 1230 1818 evenerit,
1280 1752 1501 1807 utrum
1547 1747 1777 1807 auctor
1820 1746 1900 1807 sit
1946 1740 2247 1824 ἀλάστωρ
2294 1755 2377 1807 a'n
2428 1743 2614 1815 κακός
2660 1739 2904 1823 δαίμων

662 1875 746 1916 an
809 1851 1056 1932 ’φθόνος
1126 1857 1298 1921 θεῶν
1361 1857 1499 1941 (qui
1546 1868 1720 1922 certe
1770 1875 1907 1922 non‘
1950 1877 2181 1922 omnes
2229 1860 2410 1918 κακοὶ
2460 1857 2744 1939 δαίμονες
2789 1879 2907 1939 pu-

660 1976 880 2041 tantur
925 1990 1071 2033 esse
1093 1971 1158 2054 Ξ),
1206 1971 1292 2034 ita
1343 1980 1414 2036 ut
1458 1971 1562 2035 hic
1609 1975 1873 2036 nuntius
1901 1973 2066 2036 inter
2087 1981 2219 2036 tres
2243 1973 2585 2054 opiniones
2609 1971 2903 2035 haesitet.

662 2081 793 2152 Sed
841 2086 1090 2147 etiamsi
1137 2085 1262 2148 hoc
1309 2086 1456 2149 loco
1503 2090 1742 2164 φθόυο,ἱ
1788 2108 1873 2149 ex
1922 2086 2241 2170 Aeschyli
2288 2097 2504 2150 mente
2543 2087 2760 2149 dicbus
2784 2095 2903 2159 est,

659 2204 881 2261 tamen
927 2219 1079 2282 pag.
1139 2216 1210 2262 12
1224 2200 1482 2279 5—-126
1531 2201 1658 2264 iam
1707 2201 1995 2265 vidimus
2046 2201 2341 2263 Xerxem
2390 2197 2679 2284 δυσσεβὲς
2726 2197 2903 2280 ἔργον

662 2314 1090 2391 commisisse,
1161 2315 1334 2378 unde
1395 2316 1666 2378 efficitur
1728 2315 2139 2400 Aeschylum
2202 2317 2267 2378 in
2315 2316 2797 2396 Agamemnone
2842 2322 2906 2376 et

658 2427 868 2492 Perszk
914 2448 1133 2491 revera
1173 2433 1526 2513 μονόφρονα
1570 2431 1790 2494 fuisse.

751 2540 877 2604 Vv.
958 2542 1303 2622 161—164
1359 2544 1416 2625 1)
1487 2546 1568 2607 de
1615 2546 1717 2607 dei
1765 2545 2007 2607 invidia
2051 2565 2270 2607 sermo
2317 2547 2461 2605 eSse
2511 2551 2579 2605 ut
2626 2542 2902 2615 videtur,

660 2646 948 2718 nonita
1016 2666 1132 2732 est,
1225 2678 1376 2719 nam
1447 2658 1689 2721 Atossa
1760 2658 1915 2720 diest
2007 2658 2298 2720 Dareum
2367 2657 2623 2721 deorum
2692 2658 2905 2739 aliquo

659 2768 917 2831 iuvante
983 2761 1483 2851 prosperitatem
1553 2780 1818 2850 nactum
1888 2791 2052 2847 esse,
2123 2792 2193 2834 se
2258 2760 2493 2835 tamen*
2547 2772 2774 2850 vereri,
2823 2791 2903 2833 ne

664 2878 1020 2945 immensae
1090 2879 1354 2981 divitiae
1421 2905 1618 2947 causa
1686 2884 1861 2960 fiant,
1928 2905 2098 2967 quae
2166 2884 2334 2947 hanc
2403 2886 2902 2967 prosperitatem

659 3006 922 3060 evertat,
1018 2998 1173 3093 Nec·
1241 2998 1508 3062 mirum!
1607 2990 1893 3062 Divitiae
1962 3000 2135 3062 enim
2210 2998 2509 3062 homines
2580 2999 2901 3081 superbos

659 3102 882 3173 sacexe⁸
914 3111 1144 3175 solent.

747 3338 844 3401 At
912 3340 1124 3402 Zeller
1196 3340 1409 3423 (etiam
1482 3338 1805 3423 Schmidt)
1878 3360 2008 3401 non
2073 3340 2160 3401 ibi
2226 3339 2481 3402 videtur
2528 3341 2902 3403 de'invidia

657 3455 962 3535 cogitare,
1012 3456 1121 3516 ubi
1169 3456 1306 3516 eius
1353 3455 1421 3517 fit
1467 3456 1731 3527 mentiO,
1778 3454 1891 3515 sed
1940 3462 2081 3515 tum
2132 3454 2439 3529 maxime,
2488 3467 2640 3516 cum
2682 3476 2899 3517 sermo

657 3575 757 3627 est
804 3567 886 3627 de
933 3567 1301 3629 calamitate
1345 3566 1583 3648 aliqua,
1632 3587 1800 3648 quae
1848 3557 1931 3628 ad
1979 3565 2315 3629 hominem
2364 3567 2581 3631 Subito
2608 3568 2899 3649 obrepat,

657 3689 771 3743 aut
840 3700 988 3741 cum
1061 3677 1223 3741 deus
1294 3681 1580 3762 aliquam
1652 3681 1949 3758 domum,
2020 3702 2218 3763 quam
2291 3680 2431 3743 vult
2474 3682 2765 3762 perdere,
2816 3684 2897 3745 ad

656 3794 894 3855 nefaria
959 3794 1126 3857 facta
1194 3784 1479 3872 adducit,
1551 3796 1640 3859 ita
1695 3806 1766 3858 ut
1814 3797 2105 3859 interitus
2136 3795 2349 3858 ‘huius
2398 3797 2638 3858 domus
2685 3818 2899 3878 poena

657 3910 876 3972 debita
948 3910 1242 3973 videatur
1311 3910 1487 3993 (vide
1559 3909 1777 3971 locum
1848 3932 1934 3973 ex
2003 3910 2234 3973 Zelleri
2300 3931 2503 3991 opere
2561 3909 2897 3973 laudatum

655 4045 717 4104 p.
781 4026 946 4105 135).
1041 4026 1136 4089 Ut
1195 4046 1280 4087 ex
1328 4024 1560 4087 Zelleri
1608 4025 1821 4088 verbis
1868 4032 2156 4107 apparet,
2220 4026 2360 4087 eius
2407 4026 2629 4106 opinio
2677 4026 2899 4088 nititur

728 4225 774 4288 Ι)
993 4226 1080 4271 καὶ
1113 4222 1177 4282 μὲ
1217 4223 1452 4288 καρδίαν
1489 4223 1712 4283 ἀμύσσει
1741 4216 1977 4291 ’φρόντις
2015 4224 2069 4281 ἒς
2106 4222 2303 4282 δ’ἱεμᾶς
2336 4225 2435 4291 ἐρῶ

986 4316 1170 4375 μῦθον
1205 4314 1449 4377 οῖ’-δαμῶς
1486 4318 1726 4381 ἐμαυτῆς
1760 4303 1869 4366 οὗθ’
1907 4315 2256 4374 ἀδείμαντος,
2296 4316 2450 4374 φίλοι·

986 4412 1060 4471 μὴ
1097 4409 1270 4471 μέγας
1305 4407 1534 4465 πλοῦτος
1571 4412 1781 4465 κονίσας
1814 4396 1985 4464 οὖδας
2022 4407 2265 4473 ἀντρέψῃ
2303 4406 2433 4455 ποδὶ

987 4497 1172 4557 ὄλβον,
1211 4499 1268 4547 ὃν
1308 4500 1534 4566 Δαρεῖος
1572 4502 1699 4565 ἦρεν
1739 4501 1825 4547 ουκ
1864 4498 1993 4548 ἄνευ
2035 4500 2177 4548 θεῶν
2214 4515 2371 4556 τινος·

3400 3990 3431 4097 as!
3428 3876 3431 3961 *a
3429 3830 3430 3861 „a
