3442 4975
1698 426 1823 507 136

643 615 979 679 Buchholz
1027 624 1246 678 autem
1297 614 1506 679 multo
1556 615 1856 677 disertius
1904 622 2101 696 negat
2171 613 2489 695 Aeschyli
2547 615 2629 677 de
2676 615 2895 678 divina

647 731 892 792 invidia
984 730 1360 811 opinionem
1451 729 1534 792 ab
1625 728 1880 810 vulgari
1962 729 2354 809 discrepare,
2447 728 2691 811 quippe
2784 730 2895 811 qui

651 845 824 907 dicat
885 841 1326 923 Aeschylum,
1388 841 1511 904 hac
1557 862 1828 924 quoque
1876 863 1962 903 ex
2006 851 2190 923 parte
2234 843 2448 905 virum
2495 862 2649 904 vere
2697 841 2896 905 Grae-

641 979 819 1034 cum,
869 956 955 1019 illi
1007 956 1302 1032 invidiae,
1355 955 1604 1036 vulgari
1633 976 1830 1017 sensu
1858 965 2187 1036 acceptae,
2212 956 2799 1019 addictum’fuisse.
2838 955 2895 1038 1)

647 1070 955 1134 Sed-iam
1002 1070 1122 1151 ipsi
1173 1070 1517 1132 videamus
1568 1068 1731 1130 haec
1779 1089 1879 1130 res
1905 1070 2244 1152 quomodo
2269 1089 2339 1132 se
2364 1068 2621 1134 habeat.
2674 1068 2897 1132 Locus

650 1187 866 1268 igitur,
917 1186 1026 1266 qui
1079 1205 1246 1246 unus
1293 1184 1587 1249 omniurn
1637 1184 1719 1245 de
1770 1184 2252 1246 divinainvidia
2276 1185 2447 1265 apud
2478 1182 2895 1266 Aeschylum

650 1300 946 1362 locorum
1019 1297 1411 1360 clarissimus
1481 1305 1598 1372 est,
1671 1297 1997 1360 invenitur
2065 1296 2306 1375 Agant.
2354 1311 2731 1375 722—732.
2802 1296 2897 1358 lbi

650 1414 924 1497 legitur:

1009 1522 1421 1602 παλαίφατος
1468 1520 1526 1585 δ’
1570 1525 1634 1585 ἐν
1682 1526 1927 1608 βροτοῖς
1974 1521 2168 1604 γέρων
2216 1521 2397 1601 λόγος

1011 1636 1336 1716 τέτυκται,
1383 1635 1579 1717 μέγαν
1626 1635 2021 1699 τελεσθέντα
2067 1639 2273 1715 φωτός
2320 1633 2507 1719 ὄλβον

1010 1757 1393 1816 τεκνοῦσθαι
1441 1749 1587 1833 μηδ’
1631 1749 1887 1812 ἄπαιδα
1934 1755 2261 1831 θνῄσκειν,

1013 1868 1077 1928 ἐκ
1127 1863 1184 1928 δ’
1231 1863 1490 1944 ἀγαθὰς
1536 1870 1738 1947 τύχα,-
1781 1863 1941 1944 γένει

1011 1977 1401 2067 βλαστάνειν
1452 1980 1791 2060 ἀκόρεστον
1838 1978 2029 2053 οΐζυν.

1016 2094 1164 2178 δίχα
1213 2093 1268 2157 δ’
1313 2092 1899 2178 ἄλλων,μονόφρων
1949 2098 2039 2156 εἵ-

1016 2209 1105 2289 μί.
1155 2210 1226 2270 τό
1271 2206 1560 2294 δυσσεβὲς
1605 2210 1725 2289 γὰρ
1774 2207 1950 2289 ἔργον

1013 2325 1175 2404 μετὰ
1220 2325 1333 2404 μὲν
1381 2321 1651 2385 πλείονα
1699 2323 1922 2402 τίκτει,

1015 2435 1279 2522 σφετέρα
1327 2435 1384 2501 δ’
1431 2441 1647 2501 εἰκότα
1690 2435 1905 2520 γέννᾳ.

1013 2550 1201 2612 οἴκων
1247 2554 1367 2633 γὰρ
1415 2551 1777 2617 εὐθυδίκων

1014 2662 1363 2737 καλλίπαις
1409 2669 1650 2745 πότμος
1697 2665 1818 2725 ciel.

751 2778 904 2841 Hoc
950 2777 1098 2841 loco
1145 2778 1385 2840 chorus
1431 2779 1865 2841 disertissimis
1913 2779 2127 2840 verbis
2153 2779 2363 2854 docet,
2392 2798 2792 2861 quamquam
2822 2778 2906 2840 sit

658 2902 845 2956 vetus
888 2892 1110 2973 opinio
1157 2912 1239 2954 ex
1291 2912 1527 2974 magna
1576 2892 1875 2954 felicitate
1901 2891 2325 2954 insatiabilem
2354 2893 2677 2955 miseriam
2705 2879 2905 2967 nasci,

658 3027 728 3069 se
773 3005 990 3069 solum
1031 3006 1093 3089 2)
1142 3006 1340 3088 longe
1385 3006 1568 3069 aliter
1615 3007 1872 3071 sentire.
1925 3007 2032 3069 Ex
2078 3007 2407 3088 impietate
2454 3008 2905 3089 enim-postea

659 3219 749 3269 der
780 3220 1055 3285 gottlichen
1089 3219 1460 3283 Strafgerichte,
1494 3219 1583 3269 das
1619 3220 1827 3283 Unheil‚
1863 3220 2080 3269 welches
2115 3220 2229 3269 dem
2265 3221 2540 3271 Uebermut
2566 3219 2656 3267 auf
2664 3218 2765 3269 den
2786 3218 2909 3269 Fnss

661 3311 798 3375 folgt,
834 3312 934 3360 den
970 3312 1182 3361 nimmer
1218 3310 1581 3360 erloschenden
1617 3310 1778 3360 Fluch
1814 3311 1903 3360 des
1938 3312 2313 3369 Verbrechens;
2351 3312 2480 3359 auch
2517 3311 2570 3359 in
2590 3312 2707 3360 dem
2728 3326 2905 3360 unver-

659 3403 848 3451 hofften
901 3406 1144 3468 Ausgang
1195 3404 1284 3453 des
1335 3403 1632 3453 Persischen
1687 3403 1946 3467 Heerzugs
1999 3404 2208 3452 erkennt
2259 3419 2311 3451 er
2362 3402 2443 3452 die
2495 3402 2683 3451 hohere
2734 3402 2905 3463 Hand,

663 3494 856 3543 welche
908 3494 990 3542 die
1043 3494 1540 3558 Selbstilberhebung
1591 3496 1680 3543 des
1735 3494 2072 3559 Grosskonigs
2107 3495 2208 3543 und
2243 3495 2381 3543 seine
2418 3494 2592 3543 Frevel
2625 3509 2789 3559 gegen
2824 3494 2908 3542 die

667 3584 1030 3635 Hellenischen
1081 3585 1256 3635 Gotter
1304 3585 1508 3634 bestrast
1544 3586 1628 3633 hat
1650 3585 1680 3605 ”
1732 3586 1894 3634 Zeller
1928 3586 2078 3650 igitur
2113 3586 2328 3635 eundem
2363 3586 2503 3634 affert
2534 3586 2719 3648 locum,
2755 3601 2907 3649 quem

663 3676 908 3734 Schmidt,
957 3676 1042 3725 sed
1096 3677 1180 3724 hic
1233 3684 1370 3739 putat
1419 3692 1532 3725 eum
1584 3693 1686 3725 non
1747 3684 1926 3741 poetae
1978 3686 2196 3726 mentem
2252 3677 2533 3741 exprimere
2584 3678 2906 3742 (quamquam

661 3767 910 3817 immerito
963 3767 1033 3817 sic
1082 3765 1286 3832 putati),
1339 3774 1543 3831 uterque
1591 3774 1755 3817 autem
1792 3768 1911 3817 inde
1946 3769 2083 3817 illam
2118 3768 2376 3833 vulgarem
2410 3768 2652 3817 invidiam
2688 3768 2909 3819 destillat

665 3861 786 3919 (non
820 3858 984 3907 minus
1018 3858 1304 3923 immerito).

737 3948 782 4015 1)
819 3949 879 3997 Ε.
915 3949 1187 4009 Buchholz,
1226 3950 1323 3999 Die
1355 3950 1575 3999 sittliche
1610 3950 2071 4016 Weltanschauung
2107 3949 2196 4000 des
2234 3950 2473 4001 Pindarus
2492 3951 2593 4000 und
2614 3951 2909 4015 Aeschylus

662 4058 712 4105 p.
755 4042 874 4091 188:
927 4041 1058 4100 „Ein
1093 4041 1292 4091 zweiter
1327 4041 1509 4099 Punici,
1556 4041 1606 4089 in
1661 4041 1905 4091 welchem
1956 4042 2042 4090 die
2093 4042 2437 4105 aschyleische
2491 4042 2767 4107 Dogmatik
2820 4042 2912 4090 mit

661 4131 749 4181 der
800 4131 1123 4181 christlichen
1175 4131 1227 4180 in
1263 4132 1462 4181 offenen
1498 4132 1855 4196 Widersprnch
1893 4133 2012 4194 tritt,
2051 4133 2110 4181 ist
2146 4133 2229 4181 die
2264 4133 2429 4183 Lehre
2464 4150 2582 4181 vom
2618 4133 2786 4182 Neide
2819 4112 2914 4182 der

661 4224 838 4271 Gotter
889 4223 1113 4289 (φθόνος
1173 4223 1350 4288 θεῶν),
1396 4224 1484 4273 der
1520 4225 1800 4287 Aeschylus
1834 4224 1907 4273 als
1943 4225 2117 4273 fichter
2153 4225 2371 4273 Ilellene
2406 4223 2659 4288 huldigt'’.

731 4316 781 4377 2)
821 4314 937 4376 Quo
990 4316 1092 4364 iure
1145 4316 1328 4365 chorus
1359 4315 1460 4381 (vel
1495 4315 1797 4380 Aeschylus)
1833 4332 1975 4375 voce,
2008 4332 2136 4380 quae
2173 4323 2245 4365 est
2280 4318 2572 4380 μονόφρων,
2610 4323 2789 4377 utatur,
2825 4318 2911 4367 hic

666 4406 833 4455 minus
883 4407 1048 4467 refert,
1100 4423 1203 4455 non
1255 4408 1388 4457 enim
1444 4409 1712 4473 quaeritur,
1773 4425 1890 4458 num
1945 4409 2225 4473 Aeschylus
2275 4408 2407 4457 solus
2456 4409 2676 4472 aliquam
2730 4409 2910 4457 habeat

666 4497 971 4562 opinionem,
1007 4490 1094 4547 sed
1131 4500 1183 4547 id
1217 4500 1397 4563 potius,
1431 4516 1584 4563 qnam
1621 4500 1915 4563 opinionem
1952 4501 2151 4547 habeat.
2193 4500 2785 4567 Hocpeovwiqpnnqtamen
2809 4516 2909 4548 non
