3442 4975
1736 416 1855 478 118

669 602 902 664 eodem
951 611 1262 665 ornantur
1309 603 1594 684 nomi-ne,
1652 603 1708 684 1)
1759 602 1875 663 sed
1923 601 2010 663 illi
2061 601 2461 665 documento
2487 610 2642 665 sunt
2667 622 2911 664 numen

670 717 959 779 divinum
1008 717 1276 779 omnino
1324 726 1618 780 sanctum
1667 715 1963 778 habitum
2012 736 2175 792 esse,
2203 715 2363 777 haec
2390 723 2608 777 autem
2640 723 2917 796 utroque

671 830 840 908 loc0,
926 832 1036 894 ubi
1119 832 1287 907 ἁγνὰ
1371 829 1753 912 appellatur,
1842 833 1954 906 τῆς
2025 827 2223 910 Δίκης
2298 848 2565 890 munere
2635 828 2915 909 fungens

671 945 1015 1022 inducitur.
1069 944 1132 1025 2)

759 1057 918 1131 Ζεύς
961 1065 1204 1134 autem,
1253 1059 1363 1140 qui
1416 1055 1755 1139 Aeschylo
1803 1056 2176 1119 verissimus
2225 1055 2386 1117 deus
2432 1063 2590 1131 erat,
2617 1054 2920 1131 debebat,

672 1173 724 1233 si
785 1174 929 1254 quis
977 1172 1162 1248 aliuS,
1211 1173 1267 1234 ei
1316 1181 1582 1235 sanctus
1630 1171 1829 1234 videri
1881 1170 2028 1251 (nisi
2078 1170 2348 1232 omnino
2394 1169 2620 1232 divino
2667 1167 2916 1232 numini

671 1286 1081 1348 sanctitatem
1129 1285 1497 1366 abrogaret,
1545 1283 1725 1366 quod
1775 1304 1906 1345 non
1953 1283 2145 1366 fecit).

760 1398 1034 1480 Apollo,
1107 1398 1215 1460 ille
1286 1398 1438 1468 Διὸ,δ
1509 1399 1854 1477 προφήτης,
1906 1395 1971 1478 3)
2020 1405 2279 1459 sanctus
2327 1396 2714 1479 appellatur,
2764 1396 2919 1476 quia

673 1513 813 1573 eius
860 1511 1144 1586 oracula,
1195 1531 1362 1593 quae
1407 1510 1490 1573 ab
1539 1510 1700 1572 Iove
1747 1511 1804 1572 ei
1854 1510 2112 1582 dantur,
2160 1530 2418 1591 semper
2464 1530 2616 1572 vera
2645 1529 2722 1571 ac
2751 1510 2919 1571 iusta

673 1634 846 1700 sunt,
895 1645 1094 1706 quam
1143 1624 1229 1687 ob
1278 1644 1412 1685 rem
1461 1623 1726 1686 oracula
1774 1625 1912 1705 ipsa
1958 1633 2178 1686 sancta
2205 1622 2526 1687 dicuntur.
2550 1622 2617 1704 4)
2665 1623 2920 1686 Iustitia

674 1737 886 1822 (Δίκη)
957 1739 1264 1821 denique,
1336 1737 1444 1799 illa
1513 1739 1688 1800 Iovis
1760 1737 1905 1814 filia,
1976 1746 2202 1800 sancta
2248 1746 2365 1812 est,
2413 1737 2567 1819 quia
2613 1758 2729 1818 per
2774 1757 2918 1799 eam

673 1849 943 1934 apparet
988 1852 1213 1914 Iovem
1263 1852 1659 1934 impietatem
1709 1859 1773 1914 et
1817 1852 2301 1936 improbitatem
2350 1851 2592 1925 odisse,
2642 1871 2921 1932 eamque

677 1965 764 2026 ob
834 1985 968 2027 rem
1018 1985 1243 2027 earum
1290 1975 1590 2058 auctores
1637 1965 1885 2047 punire.
1956 1964 2031 2027 In
2079 1963 2202 2028 hac
2247 1973 2466 2027 autem
2515 1965 2656 2047 ipsa
2702 1965 2919 2028 divina

677 2079 915 2141 iustitia
961 2098 1035 2140 ac
1084 2078 1352 2142 veritate
1399 2077 1735 2141 tractanda
1781 2078 2132 2152 nonnullae
2179 2099 2282 2141 res
2327 2086 2698 2156 occurrunt,
2748 2099 2917 2160 quae

677 2191 766 2254 illi
815 2193 1131 2255 sanctitati
1182 2193 1544 2256 obtrectare
1590 2192 1912 2270 videntur,
1961 2213 2115 2256 cum
2148 2194 2314 2256 deus
2342 2173 2545 2257 modo
2574 2192 2681 2254 illa
2707 2201 2925 2255 vetere

749 2511 795 2575 1)
827 2512 970 2561 Pers.
1005 2509 1300 2560 626—628:

889 2610 892 2613 ’
1080 2601 1222 2649 ἀλλὰ
1261 2602 1476 2664 χθόνιοι
1511 2602 1767 2662 δαίμονες
1802 2603 1977 2667 ἁγνοί,

1079 2692 1163 2757 Γῆ
1201 2712 1258 2741 ’τε
1298 2696 1386 2741 καὶ
1415 2692 1617 2760 (Ερμῆ,
1653 2694 1889 2753 ράσιλεῦ
1924 2695 1973 2743 τ’
2010 2698 2219 2763 ἐνέρων,

1079 2784 1321 2845 πέμψατ’
1359 2784 1591 2852 ἔνερθεν
1629 2791 1811 2852 ψυχὴν
1848 2788 1901 2845 ἐς
1939 2790 2053 2845 φῶς·

746 2890 926 2955 suppl.
963 2883 1258 2953 997-998:

1213 2983 1394 3032 ἐπίδοι
1429 2983 1483 3031 δ’
1513 2982 1773 3050 ’Ἄρτεμις
1808 2983 1955 3049 ἁγνὰ

1213 3074 1400 3124 στόλον
1435 3076 1791 3139 οἰκτιζομένα,

747 3183 928 3247 Agam.
971 3194 1259 3244 127—129:

1011 3272 1128 3338 οἴκῳ
1165 3274 1268 3339 γὰρ
1306 3274 1603 3331 ἐπίφθονος
1632 3272 1889 3339 ’Ἀρτεμις
1925 3274 2071 3339 ἁγνὰ

1010 3372 1293 3413 πτανοῖσιν
1329 3366 1446 3414 κυσὶ
1481 3368 1687 3431 πατρὸς
2349 3427 2353 3431 ¹

1012 3454 1298 3503 αὐτότοκον
1337 3455 1437 3520 [τρὸ
1475 3453 1634 3519 λόχου
1668 3455 1908 3520 μογερὰν
1946 3455 2128 3502 πτάκα
2174 3458 2531 3515 θυομένοισιν·

747 3558 796 3623 2)
851 3560 913 3606 In
965 3557 1181 3606 eandem
1233 3556 1528 3605 sententiam
1577 3557 1860 3619 VVeckleim
1895 3558 1980 3621 qui
2015 3559 2077 3607 ad
2116 3575 2164 3609 v.
2207 3572 2301 3619 140
2334 3566 2563 3608 annotat:
2613 3559 2790 3625 ,,ἁγνή
2826 3560 2926 3608 und

677 3651 855 3698 darum
906 3649 1018 3697 eine
1065 3648 1280 3697 Feindin
1327 3648 1532 3697 solchen
1565 3644 1826 3697 Greuels.'’
1880 3649 1999 3697 Non
2031 3632 2183 3713 igi-tur
2222 3650 2501 3699 Klausenio
2537 3651 2761 3699 concedo
2796 3650 2926 3699 illud

677 3741 749 3806 ἀγ
763 3743 823 3789 νά
855 3742 920 3789 ad
940 3734 1133 3788 Dianae
1151 3738 1494 3803 virginitatem
1511 3746 1736 3803 spectare
1753 3739 1955 3805 (Theol.
1978 3739 2142 3805 p.99).
2178 3742 2313 3790 Nam
2332 3741 2577 3804 Minerva,
2598 3742 2707 3806 ipsa
2726 3757 2927 3805 quoque

676 3834 834 3897 virgo,
869 3848 970 3881 non
1003 3830 1148 3895 ἁγνὰ
1184 3830 1380 3891 dicitur,
1411 3830 1579 3879 matris
1616 3827 1897 3897 Oedipodis
1932 3840 2118 3895 contra,
2154 3848 2283 3896 quae
2318 3848 2421 3882 non
2456 3839 2561 3882 erat
2596 3833 2755 3897 virgo,
2777 3828 2921 3897 ἁγνὰ

678 3925 877 3993 ἄρουρα
912 3922 1062 3973 fuisse
1094 3922 1297 3972 dicitur.
1331 3921 1650 3987 Quamquam
1679 3924 1814 3973 haud
1844 3939 1975 3989 nego
2004 3924 2101 3973 hoc
2132 3940 2413 3989 cognomen
2445 3930 2614 3980 „casto
2633 3923 2925 3989 frigidoque

677 4018 824 4066 lunae
858 4015 1144 4083 splendori''
1179 4015 1426 4079 originem
1461 4014 1662 4063 debere.

745 4107 796 4175 3)
830 4108 990 4157 Eum.
1032 4120 1120 4171 192

1178 4198 1306 4257 Διὸς
1341 4202 1617 4266 προφήτης
1653 4198 1708 4246 δ’
1740 4200 1854 4246 ἐστὶ
1891 4198 2089 4255 Λοξίας
2124 4198 2347 4265 πατρός.

743 4307 796 4369 4)
831 4305 932 4353 Aut
965 4303 1145 4369 potiuS,
1179 4304 1315 4368 quod
1350 4309 1515 4352 tamen
1552 4304 1734 4352 eodem
1768 4302 1915 4362 redit,
1954 4318 2129 4352 eorum
2162 4304 2395 4356 sanctitas
2428 4303 2699 4368 periclitari
2736 4303 2917 4353 dicitur

677 4413 708 4444 a
741 4396 881 4445 Diris
915 4396 1074 4447 Eum.
1110 4397 1235 4458 706:

1077 4494 1307 4547 μαντεῖα
1347 4487 1399 4533 δ’
1436 4488 1623 4537 nine&
1659 4486 1805 4551 ἁγνὰ
1841 4487 2120 4553 μαντεύσῃ
2162 4487 2344 4545 νέμων.
