3442 4975
1581 425 1691 490 141

515 600 822 677 carmine,
894 600 1076 681 quod
1149 600 1388 681 legitur
1456 601 1696 680 Agant.
1746 603 2101 681 959—969
2147 610 2212 664 et
2258 601 2623 682 fragmento
2673 621 2759 662 cx

513 713 742 776 Nioba.
849 714 956 776 De
1025 733 1160 796 quo
1230 713 1598 795 fragmento
1671 715 1832 795 quid
1902 716 2197 791 sentiam,
2283 715 2429 776 vide
2497 735 2559 795 p.
2639 717 2759 775 128

514 833 732 888 annot.
785 825 836 887 Ι.
930 824 1171 904 Agam.
1220 824 1576 905 959—969
1623 825 1905 906 legimus
1952 826 2112 888 haec
2157 825 2388 889 verba:

957 936 1131 1018 μάλα
1175 941 1295 1020 γάρ
1342 960 1438 998 τοι
1491 942 1606 1009 τᾶς
1655 934 1897 1011 πολλὰς
1944 937 2183 1015 ’ὑγιείας

962 1051 1300 1132 οῖκόρεστον
1349 1050 1560 1134 τέρμα.
1612 1054 1789 1124 νόσος
1835 1053 1955 1133 γὰρ

959 1165 1187 1242 γείτων
1235 1168 1559 1247 ὁμότοιχος
1607 1165 1848 1246 ἐρείδει,

965 1281 1072 1340 καὶ
1122 1284 1359 1360 πότμος
1405 1280 1789 1362 εὐθυπορῶν

967 1391 1194 1475 ἀνδρὸς
1241 1392 1504 1458 ἔπαισεν
1550 1395 1845 1473 ἄφαντον
1892 1391 2068 1476 ἕρμα.

965 1510 1070 1568 καὶ
1119 1509 1192 1569 τὸ
1237 1509 1350 1588 μὲν
1400 1509 1521 1590 πρὸ
1569 1512 1904 1592 χρημάτων

961 1621 1234 1704 κτησίων
1283 1627 1464 1695 ὄκνος
1507 1621 1725 1708 βαλὼν

964 1735 1313 1818 σφενδόνας
1359 1738 1476 1799 ἀπ’
1524 1735 1841 1819 εὐμέτρου,

962 1849 1072 1912 οὐκ
1121 1849 1232 1913 ἔδυ
1281 1854 1537 1932 πρόπας
1584 1849 1774 1932 δόμος

966 1971 1257 2045 πημονᾶς
1302 1964 1507 2046 γέμων
1556 1970 1744 2045 ἄγαν,

963 2079 1095 2143 οὐδ’
1144 2083 1434 2142 ἐπόντισε
1485 2085 1742 2160 σκάφος.

611 2194 746 2258 Sed
818 2216 1033 2277 neque
1103 2197 1186 2258 de
1254 2196 1562 2264 omnibus
1632 2195 1826 2258 huius
1895 2196 2197 2258 carminis
2263 2194 2557 2276 partibus
2609 2195 2764 2255 satis

519 2317 796 2384 constat,
869 2309 1025 2390 quid
1099 2310 1220 2372 sibi
1261 2309 1510 2388 svelint,
1582 2330 1735 2372 cum
1772 2311 1932 2377 ,sint
1992 2308 2184 2372 valde
2230 2316 2595 2390 corruptae,
2645 2327 2767 2368 nec

519 2429 683 2504 puto
731 2421 1058 2484 Zellerum
1105 2421 1234 2486 hoc
1282 2444 1543 2487 carmen
1592 2432 1765 2487 recte
1812 2424 2301 2505 interpretatum
2350 2443 2513 2489 esse.
2606 2420 2767 2483 Sen-

517 2539 719 2600 tentia
787 2539 962 2601 enim
1033 2548 1132 2602 est
1196 2536 1399 2601 haec:
1450 2539 1921 2621 Agamemnon
1969 2558 2370 2621 quamquam
2420 2537 2767 2601 incolumis

517 2651 714 2715 Troia
783 2654 1062 2730 revertit,
1144 2662 1364 2716 tamen
1435 2653 1676 2716 chorus
1747 2652 2167 2717 vehementer
2236 2651 2496 2734 angitur
2566 2660 2631 2714 et
2704 2652 2765 2711 in

512 2765 744 2827 mediis
816 2766 1073 2848 gaudiis
1141 2788 1373 2829 vocem
1449 2767 1771 2849 Erinyum
1835 2767 1961 2829 sibi
2032 2767 2288 2830 videtur
2334 2766 2582 2842 audire,
2633 2785 2765 2847 qua

518 2898 780 2940 carmen
831 2879 1005 2959 male·
1045 2880 1422 2943 ominosum
1469 2900 1699 2943 canere
1748 2881 2024 2961 cogitur.
2174 2958 2177 2961 ρ

609 2993 779 3055 Nam
830 2992 981 3056 licet
1028 2994 1298 3081 morbus
1346 3012 1539 3075 saepe
1587 2992 1837 3055 homini
1888 2993 2469 3055 validoimmineat
2492 3000 2556 3054 et
2582 2992 2765 3053 navis

516 3107 634 3166 viri
685 3106 899 3168 divitis
951 3096 1426 3187 nonnunquam
1473 3106 1556 3169 ad
1604 3126 1839 3179 caecos
1864 3106 2171 3187 scopulos
2200 3104 2519 3179 allidatur,
2546 3113 2766 3165 tamen

519 3217 616 3280 his
687 3220 874 3280 malis
947 3219 1306 3284 remedium
1378 3218 1604 3287 datum
1674 3228 1773 3282 est
1828 3218 1885 3301 1)
1950 3217 2135 3301 (baec
2197 3218 2371 3280 enim
2418 3225 2516 3279 est
2561 3218 2764 3279 totius

520 3331 774 3412 generis
822 3330 1090 3393 humani
1140 3330 1440 3395 condicio
1471 3331 1554 3415 2),
1606 3352 1776 3414 quae
1824 3330 2102 3409 chorum
2151 3351 2322 3393 nunc
2366 3350 2495 3395 non
2522 3329 2765 3411 terret).

518 3444 612 3506 At
697 3444 749 3506 si
834 3444 1185 3525 aliquando
1270 3446 1538 3526 sanguis
1607 3445 1672 3507 in
1743 3453 1979 3507 terram
2041 3442 2352 3526 profusus
2424 3449 2543 3518 est,
2614 3441 2767 3504 huic

526 3556 699 3619 malo
750 3556 1302 3620 medicamentum
1350 3558 1616 3620 inveniri
1663 3566 1883 3639 potest
1927 3555 2201 3618 nullum.
2252 3556 2406 3618 Non
2448 3563 2544 3617 est
2569 3553 2767 3635 igitur

527 3669 1051 3757 Agamemnonis
1121 3691 1431 3753 prospera
1498 3670 1776 3747 fortuna,
1846 3690 2015 3752 quae
2084 3669 2359 3732 chorum
2428 3677 2767 3749 tantopere

529 3782 855 3860 sollicitet,
927 3804 1076 3845 nam
1145 3785 1198 3845 si
1268 3785 1430 3847 haec
1498 3784 1985 3866 periclitaretur,
2058 3784 2331 3847 fortasse
2398 3782 2617 3864 aliqua
2665 3783 2767 3843 via

523 3896 749 3960 salutis
836 3899 1248 3976 inveniretur,
1320 3900 1469 3977 sed·
1517 3897 1863 3984 Iphigenia
1934 3906 2214 3961 mactata
2284 3896 2457 3959 eum'
2510 3897 2571 3958 in
2644 3894 2764 3958 has

523 4012 738 4074 tristes
784 4012 1185 4093 suspiciones
1231 4011 1474 4076 detulit.
1573 4013 1708 4075 Hic
1753 4012 1949 4093 igitur
1993 4010 2077 4072 ab
2127 4008 2467 4089 Aeschylo
2516 4029 2648 4071 non
2684 4012 2764 4072 de

597 4208 640 4273 1)
677 4209 896 4273 Egregie
931 4209 1092 4273 igitur·
1114 4210 1310 4258 videtur
1345 4209 1397 4257 in
1432 4208 1665 4257 carminis
1701 4206 1997 4255 sententiam
2031 4206 2274 4270 quadrare
2293 4204 2595 4264 coniectura,
2615 4222 2766 4269 quam

522 4300 786 4348 Wecklein
821 4300 1052 4349 medendi
1091 4317 1242 4349 causa
1275 4300 1434 4359 offert,
1467 4298 1787 4364 interpolavit
1823 4297 1958 4346 enim
1992 4304 2105 4362 post
2130 4314 2174 4346 v.
2187 4297 2310 4360 962,
2348 4297 2431 4344 ubi
2453 4312 2579 4345 unus
2600 4313 2765 4345 versus

517 4391 845 4450 desideratur,
879 4392 1032 4443 haec:
1071 4395 1212 4450 σῶμα
1251 4390 1502 4441 δ’ἕσωσεν
1539 4390 1678 4447 ἄκος.

594 4483 642 4549 2)
680 4486 860 4549 Agam.
901 4484 1243 4551 1281—1283‚
1281 4486 1412 4534 PerS.
1449 4483 1733 4548 697—699.
