3442 4975
1630 427 1703 493 31

541 602 738 686 (Sept.
817 607 986 685 111),
1058 605 1429 682 παγκρατής
1497 600 1697 685 (Sept.
1764 616 1912 680 237,
1977 601 2172 663 Eum.
2222 599 2400 685 900),
2449 598 2792 671 παναίτιος

535 716 808 803 (Agam.
866 715 1078 798 1448),
1127 711 1523 795 πανεργέτα,·
1569 714 1805 799 (ibid.),
1854 711 2090 775 τελέων
2120 711 2528 776 τελειότατον
2564 718 2792 795 κράτος

540 828 790 912 (Suppl.
844 828 1235 910 508—509).

632 942 728 1007 Ut
773 942 1054 1024 denique
1101 944 1320 1005 omnia
1362 962 1490 1005 uno
1543 943 1745 1007 verbo
1778 940 2369 1026 comprehendam:
2422 942 2791 1004 ubicum-

546 1056 864 1137 quein
926 1056 1138 1133 diis,
1197 1056 1284 1118 in
1331 1054 1913 1134 hominibus,
1962 1044 2049 1119 i'n
2098 1076 2406 1119 rerum
2455 1063 2796 1117 natura

547 1170 880 1251 aliqua
950 1172 1090 1233 vis
1157 1178 1313 1233 aut
1359 1171 1559 1233 vita
1604 1180 1763 1234 aut
1808 1172 2269 1253 potentia
2315 1168 2797 1251 conspici-

547 1293 716 1361 tur,
789 1281 1136 1347 sivein
1183 1283 1474 1361 caele,
1523 1286 1729 1347 sive
1775 1285 1864 1347 in
1909 1286 2231 1360 terriS‚
2279 1284 2583 1347 subve
2630 1291 2796 1345 ter-

549 1417 752 1472 ram,
800 1397 1003 1460 sive
1049 1398 1138 1460 in
1186 1398 1432 1474 mari,
1483 1399 1706 1471 Ζεύς
1754 1398 2025 1461 solus
2076 1406 2218 1461 est
2264 1418 2552 1461 causa
2597 1396 2798 1459 essi-

549 1513 829 1587 cienS,
877 1511 981 1573 ab
1029 1531 1132 1573 eo
1181 1513 1483 1576 omnis
1530 1514 1667 1575 vis
1715 1521 1805 1575 et
1851 1514 2054 1577 vita
2100 1512 2795 1594 proficiscitur.

549 1625 661 1689 Sic
708 1626 905 1688 etiam
953 1626 1503 1707 interpretandum
1552 1635 1652 1690 est
1696 1626 1854 1689 illud
1904 1627 2392 1708 fragmentum:
2784 1616 2795 1626 ’

817 1741 975 1810 Ζεύς
1029 1740 1201 1800 ἐστιν
1251 1742 1471 1820 αἰθήρ,
1519 1742 1678 1811 Ζεύς
1726 1737 1789 1801 δὲ
1834 1745 1933 1818 γῆ,
1983 1742 2143 1812 Ζεύς
2190 1738 2554 1820 δὀὐρανός,

819 1855 980 1925 Ζεύς
1028 1877 1124 1915 τοι
1176 1856 1258 1915 τὰ
1310 1857 1534 1915 πάντα
1585 1855 1739 1935 χῶτι
1790 1851 1985 1915 τῶνδ’
2030 1851 2376 1935 ὑπέρτερον
2435 1852 2512 1935 1),

558 1969 740 2051 quod
811 1970 1026 2032 solum
1094 1990 1212 2052 per
1258 1990 1330 2032 se
1377 1978 1746 2051 spectatum
1796 1988 1918 2032 nos
1968 1970 2156 2032 facile
2202 1971 2267 2031 in
2315 1990 2467 2031 eum
2514 1986 2800 2029 errorem

556 2084 864 2145 inducere
933 2092 1176 2165 posset,
1249 2092 1320 2145 ut
1387 2092 1771 2165 putaremus
1841 2083 2251 2165 Aeschylum
2318 2081 2801 2163 pantheismum

557 2197 887 2279 quendam
956 2196 1271 2274 confiteri,
1319 2198 1432 2278 qui
1481 2196 1640 2259 nihil
1686 2206 1906 2260 tamen
1952 2198 2128 2260 aliud
2177 2205 2273 2259 est
2320 2196 2442 2258 nisi
2489 2195 2573 2272 id,
2624 2193 2802 2277 quod

555 2332 594 2374 a
661 2310 988 2391 theologis
1059 2309 1364 2387 infinitas,
1434 2310 1763 2391 ubiquitas,
1839 2311 2145 2374 immensa
2210 2309 2340 2372 Dei
2380 2308 2641 2372 essentia
2708 2315 2805 2370 est

558 2424 902 2507 appellata.
951 2423 1017 2507 2)

650 2539 899 2615 Restat,
949 2547 1020 2600 ut
1063 2559 1277 2620 pauca
1323 2548 1646 2618 notemuS,
1697 2561 1867 2621 quae
1914 2561 2313 2624 quamquam
2344 2540 2427 2603 ad
2452 2538 2805 2622 polytheis·

560 2751 729 2800 tertius
791 2768 878 2802 rex
929 2752 1139 2800 deorum
1188 2750 1346 2800 sactus
1398 2758 1472 2801 est
1534 2751 1732 2817 (Prone.
1785 2751 2079 2818 957—958:
2134 2756 2379 2819 τρίτον
2442 2751 2506 2800 δὲ
2556 2753 2650 2799 τὸν
2711 2753 2807 2798 νῦν

563 2844 888 2909 κοιρανοῦντ’
943 2843 1210 2901 ἐπόψομαι
1247 2842 1499 2908 αἴσχιστα
1540 2847 1626 2890 καὶ
1669 2844 1919 2911 τάχιστα,
1955 2844 2061 2893 scil.
2114 2845 2410 2893 ἐκπεσόντα
2448 2840 2810 2910 τυραννίδος.)

563 2934 674 2982 Nec
717 2940 883 2982 tamen
931 2933 1209 2996 Aeschylus
1253 2934 1351 2982 hoc
1399 2934 1556 2983 Tertii
1604 2950 1889 2999 cognomen
1937 2935 2183 2984 intellexit
2232 2934 2382 2997 (unde
2429 2933 2603 2997 colligi
2648 2937 2810 2996 potest

560 3032 761 3089 poetam
808 3025 858 3073 id
903 3040 1185 3089 cognomen
1233 3042 1337 3074 non
1385 3025 1711 3090 excogitasse,
1759 3027 1848 3075 sed
1896 3028 1961 3075 ab
2010 3027 2119 3075 aliis
2165 3025 2445 3090 recepisse),
2492 3041 2609 3074 nam
2655 3022 2808 3070 modo

560 3117 693 3165 hanc
735 3117 888 3165 modo
923 3117 1065 3164 illam
1099 3117 1358 3182 componit
1393 3119 1687 3177 ternionem,
1722 3135 1767 3168 e.
1800 3136 1875 3183 gr.
1914 3119 2126 3183 Clcoffplc.
2164 3119 2462 3181 236—237:
2497 3117 2712 3183 Κράτος
2746 3133 2805 3162 τε

564 3210 649 3256 καὶ
685 3207 824 3273 Δίκη
863 3210 959 3256 σὺν
995 3210 1064 3275 τῷ
1099 3211 1256 3274 τρίτῳ
1291 3208 1511 3257 πάντων
1543 3212 1775 3273 μεγίστῳ
1811 3207 1969 3274 Ζηνί,
1997 3209 2155 3256 Eum.
2179 3206 2467 3272 748—750:
2504 3205 2809 3261 ΙῙαλλάδος

565 3303 651 3347 καὶ
685 3299 879 3354 Λοξίου
915 3296 1065 3348 ἕκατι
1102 3302 1188 3347 καὶ
1223 3303 1318 3350 ’τοῦ
1352 3300 1537 3348 πάντα
1576 3304 1879 3367 κραίνοντος
1907 3303 2089 3366 τρίτου
2112 3305 2358 3366 σωτῆρος,
2381 3299 2560 3364 Suppl.
2582 3296 2808 3358 24—26:

567 3395 761 3441 ὕπατοί
795 3411 853 3441 τε
894 3393 1034 3450 θεοί,
1073 3394 1160 3439 καὶ
1195 3393 1488 3459 βαρύτιμοι
1523 3391 1739 3459 χθόνιοι
1766 3394 1944 3456 θήκας
1984 3394 2318 3458 κατέχοντες,
2354 3394 2441 3439 καὶ
2476 3391 2617 3448 Ζεὺς
2640 3395 2809 3457 σωτὴρ

563 3487 756 3549 τρίτος.
826 3484 927 3533 Sed
975 3499 1078 3532 non
1126 3484 1179 3532 in
1225 3484 1348 3533 Iove
1395 3484 1505 3533 solo
1553 3484 1678 3534 haec
1728 3484 1970 3533 ternionis
2008 3485 2243 3534 sanctitas
2280 3485 2513 3543 cernitur,
2547 3490 2599 3532 ut
2636 3483 2811 3547 cuique

565 3575 884 3638 perspicuum
917 3576 986 3634 fit,
1020 3575 1108 3639 qui
1145 3575 1412 3625 Wellaueri
1449 3575 1672 3624 Lexicon
1708 3575 2082 3639 Aeschylaeum
2134 3577 2191 3641 (s,
2229 3593 2277 3628 v.
2312 3579 2490 3644 τρίτος
2527 3576 2715 3639 subque
2751 3574 2812 3622 iis

567 3665 790 3725 vocibus,
826 3682 954 3730 quae
989 3666 1052 3714 ab
1090 3665 1272 3732 τρι(ο·)-
1308 3664 1571 3730 incipiunt)
1607 3666 1823 3731 inspicit.
1858 3668 1979 3716 Non
2008 3667 2161 3733 igitur
2180 3667 2333 3717 miror
2350 3668 2479 3716 hanc
2509 3683 2614 3716 rem
2632 3667 2813 3715 multos

568 3758 669 3806 iam
714 3758 779 3807 de
827 3759 996 3808 divina
1043 3760 1266 3809 trinitate
1315 3761 1483 3824 (quam
1529 3760 1755 3825 theologi
1800 3759 2003 3828 vocant)
2036 3761 2288 3810 monuisse
2322 3759 2459 3826 (vide
2494 3760 2557 3810 O.
2589 3759 2813 3821 Ztickler‚

567 3849 850 3916 Theologia
881 3851 1137 3915 naturaliS,
1163 3850 1368 3902 Franks.
1404 3867 1449 3900 a.
1487 3851 1556 3901 M.
1626 3851 1884 3916 Erlangen
1924 3851 2069 3902 1860.
2103 3869 2154 3916 p.
2190 3853 2306 3912 660,
2340 3852 2453 3915 690,
2489 3848 2711 3917 passim).

644 3941 690 4006 1)
725 3941 923 4008 Fragm.
964 3955 1026 4006 70
1061 3940 1397 4008 (Heliadum).

641 4045 690 4111 2)
758 4046 859 4097 Csr.
912 4048 976 4096 ad
1031 4048 1222 4113 Ephes.
1277 4048 1318 4108 Ι,
1371 4061 1460 4111 233
1511 4049 1696 4112 Jerem.
1750 4047 1953 4109 XXIII,
2009 4061 2088 4107 20,
2142 4059 2235 4107 243
2291 4047 2470 4094 Psalm.
2522 4044 2815 4098 CXXXIX,

575 4151 735 4201 7—-12
795 4145 844 4187 et
893 4139 1102 4204 Hodge‚
1138 4139 1265 4202 Syst.
1303 4138 1480 4188 Theol.
1518 4140 1562 4198 Ι,
1598 4137 1880 4203 383—385.
1917 4138 2269 4201 Naegelsbach
2302 4137 2368 4185 de
2403 4137 2500 4185 hoc
2536 4135 2817 4200 fragmento

570 4229 695 4279 dicit
743 4228 828 4294 (N.
887 4231 956 4279 ΙΙ.
993 4231 1055 4280 T.
1089 4247 1139 4294 p.
1197 4240 1308 4294 137,
1347 4229 1427 4295 3)=
1470 4230 1557 4290 „in
1591 4229 1811 4280 welcher
1844 4229 1999 4280 Stelle
2034 4231 2122 4278 der
2156 4229 2529 4278 anscheinende
2564 4228 2817 4277 Pantheis-

571 4337 682 4369 mus
729 4321 888 4370 durch
940 4322 1030 4370 das
1083 4324 1168 4369 καὶ
1219 4323 1300 4369 ὅτι
1353 4322 1516 4371 τῶνδ’
1557 4323 1849 4388 ὑπέρτερον
1898 4321 2082 4370 wieder
2118 4320 2435 4386 aufgehoben
2469 4320 2570 4369 und
2603 4321 2653 4368 in
2690 4321 2817 4368 Zeus

573 4411 714 4461 nicht
767 4413 880 4462 blos
931 4413 1022 4461 das
1077 4413 1307 4461 Moment
1356 4415 1446 4462 der
1499 4414 1809 4473 Immanenz,
1862 4414 2083 4462 sondern
2134 4413 2265 4461 auch
2313 4413 2403 4462 der
2436 4412 2817 4462 Transcendenz

568 4505 846 4552 anerkannt
880 4504 1004 4552 wird
1039 4503 1172 4570 (vide
1205 4511 1373 4553 tamen
1412 4521 1460 4569 p.
1503 4505 1570 4565 64
1604 4505 1753 4553 huius
1786 4503 1941 4570 libri).
