3442 4975
1649 395 1738 458 99

570 571 778 628 morte
845 562 1102 626 afficere
1159 583 1388 646 posse,
1457 582 1610 624 cum
1680 562 1883 626 fatum
1954 583 2106 627 eum
2168 562 2603 627 immortalem
2674 585 2815 627 esse

565 678 863 743 voluerit.

661 792 854 856 Unus
890 799 1111 854 tamen
1158 788 1344 850 Iocus
1393 788 1580 852 nobis
1626 788 1993 853 accuratius
2040 798 2140 853 est
2185 791 2581 868 tractanduS,
2629 792 2814 854 locus

569 904 708 967 scil.
779 904 863 967 de
911 902 1216 980 Chirone,
1265 923 1462 984 quem
1511 923 1706 984 supra
1754 902 2011 966 laudavi
2059 901 2301 987 (Prom.
2360 908 2815 986 1025—1028,

569 1017 718 1080 vide
763 1039 828 1100 p.
875 1017 1012 1100 97).
1061 1014 1520 1098 Naegelsbach
1568 1016 1741 1078 enim
1780 1024 1967 1099 putat
1992 1014 2295 1079 Chironis
2319 1017 2495 1099 apud
2521 1017 2819 1101 Aeschy-

569 1131 707 1193 lum
776 1132 867 1194 ita
937 1131 1330 1194 mentionem
1401 1129 1556 1206 fieri,
1607 1131 1792 1212 quasi
1843 1130 2146 1221 quamvis
2195 1131 2357 1193 deus
2407 1131 2816 1216 immortaliS,

569 1256 788 1310 tamen
833 1265 954 1328 pro
997 1244 1388 1309 Prometheo
1429 1245 1784 1307 moriturus
1814 1253 2007 1308 esset.
2059 1244 2238 1307 Dicit
2260 1245 2435 1307 enim
2465 1243 2819 1308 Chironem

574 1378 656 1420 eo
723 1359 887 1440 ipSO,
951 1341 1132 1441 Quod
1199 1356 1568 1420 Promethei
1617 1377 1899 1438 poenam
1948 1359 2011 1420 in
2060 1377 2131 1420 se
2178 1358 2508 1440 suscipiat,
2556 1359 2821 1422 immor-

573 1471 768 1534 talem
837 1465 1090 1536 statui.
1145 1471 1247 1534 En
1309 1471 1450 1552 ipsa
1499 1469 1985 1552 Naegelsbachi
2033 1472 2231 1535 verba
2276 1472 2393 1555 (N.
2444 1473 2535 1538 H.
2587 1471 2819 1535 Theol.

573 1607 637 1667 p.
718 1586 852 1669 12):
904 1583 1132 1662 „Aber
1179 1585 1293 1646 das
1341 1586 1422 1647 ist
1468 1584 1871 1661 bedeutsam,
1922 1605 2107 1646 wenn
2157 1584 2273 1646 das
2320 1585 2594 1648 attische
2638 1585 2822 1649 Volk

574 1701 664 1762 im
730 1690 1014 1762 Thenter
1082 1706 1372 1780 vertrug,
1439 1703 1589 1762 dass
1661 1699 1765 1762 bei
1813 1698 2059 1762 Aesch.
2109 1698 2327 1763 Prom.
2385 1715 2547 1779 1027
2598 1701 2822 1784 (1031)

577 1813 711 1876 und
762 1813 1026 1896 Fragm.
1093 1814 1327 1878 Herm.
1380 1830 1507 1891 214
1554 1813 1733 1877 eines
1780 1811 2037 1891 GotteS,
2086 1814 2202 1877 des
2251 1813 2825 1890 Chiron,.Erw}ih-

574 1947 760 2008 nung·
825 1925 1136 2009 geschah,
1209 1928 1344 2002 der,
1405 1947 1535 2006 von
1584 1927 1797 1989 einem
1847 1925 2135 2008 Gistpseil
2185 1928 2298 1990 des
2348 1927 2662 1990 Heracles
2709 1948 2825 1990 un-

578 2040 829 2103 heilbar
873 2042 1255 2106 verwundet
1301 2040 1533 2125 (Soph.
1572 2039 1811 2106 Trach.
1838 2109 1846 2118 ,
1860 2055 1984 2121 705
2015 2040 2245 2126 (715))‚
2274 2042 2376 2104 fiir
2400 2040 2828 2104 Prometheus

579 2154 707 2216 den
775 2155 922 2218 Tod
991 2155 1274 2219 erleiden
1320 2155 1448 2217 will
1500 2155 1632 2217 und
1681 2153 1976 2216 wirklich
2022 2153 2306 2218 erleidet.
2400 2155 2594 2217 Denn
2641 2175 2826 2218 wenn

575 2267 743 2332 auch
818 2268 936 2330 das
988 2268 1158 2328 θεῶν
1208 2290 1306 2340 τις
1352 2268 1465 2330 des
1532 2266 1932 2350 AeschyluS,
2004 2268 2121 2330 das
2169 2267 2317 2339 θεὸς
2388 2266 2642 2347 Χείρων
2711 2268 2828 2330 des

577 2379 945 2464 Sophocles
1007 2381 1187 2445 nicht
1233 2378 1588 2462 vollsinnig
1635 2403 1714 2444 zu
1764 2380 2044 2443 nehmen
2094 2381 2193 2456 ist,
2241 2382 2327 2444 da
2373 2379 2827 2444 Schneidewin

576 2518 653 2561 zu
704 2496 907 2579 Soph.
943 2493 1040 2560 O.
1091 2494 1168 2559 C.
1213 2496 1294 2575 65
1349 2496 1474 2558 den
1523 2493 1871 2558 Gebrauch
1918 2515 2049 2557 von
2099 2495 2245 2567 θεὸς
2293 2496 2396 2558 fiir
2430 2496 2589 2576 ἣρως
2636 2495 2829 2557 nach-

581 2612 907 2692 gewiesen
956 2608 1092 2685 hat,
1140 2631 1217 2672 so
1265 2609 1425 2673 wird
1472 2607 1646 2671 doch
1693 2607 1941 2672 Chiron
1988 2629 2117 2672 von
2159 2610 2276 2671 der
2300 2608 2830 2691 Sagejedenfalls

581 2722 950 2787 unsterblich
997 2732 1284 2805 genannt
1331 2722 1670 2806 (Apollod.
1726 2740 1784 2797 2,
1840 2734 1894 2801 5,
1942 2741 1985 2800 4
2030 2726 2061 2800 ξ
2106 2736 2163 2803 5,
2210 2736 2266 2803 5,
2319 2740 2417 2797 11,
2462 2725 2493 2800 ξ
2547 2722 2649 2806 10)
2699 2721 2831 2783 und

583 2840 644 2901 in
709 2835 957 2901 seinem
1018 2836 1619 2900 stellvertretenden
1680 2836 1869 2897 Tode
1914 2836 2009 2898 als
2053 2836 2160 2899 ein
2210 2834 2678 2925 unsterblicher
2723 2856 2833 2916 ge-

582 2949 842 3013 dacht.”
918 2950 1005 3012 Et
1073 2970 1296 3012 revera
1343 2948 1587 3011 Chiron
1634 2948 2016 3031 perhibetur
2061 2947 2447 3012 immortalis
2496 2948 2695 3011 fuisse
2753 2949 2832 3030 1).

583 3063 712 3128 Sed
754 3084 884 3148 ego
931 3065 1094 3127 scire
1139 3064 1358 3140 velim,
1405 3064 1515 3146 qui
1563 3062 2018 3145 Naegelsbach
2065 3061 2303 3125 efficiat
2349 3060 2705 3126 Chironem
2730 3082 2831 3138 e0,

585 3178 766 3260 quod
835 3198 958 3259 pro
1020 3177 1412 3241 Prometheo
1460 3177 1625 3239 mori
1670 3176 1848 3254 velit,
1897 3175 2332 3238 immortalem
2379 3176 2673 3257 cogitari.
2764 3174 2833 3239 Si

585 3292 757 3353 enim
831 3289 1282 3368 PrometheuS,
1354 3299 1425 3352 ut
1493 3289 1669 3371 apud
1740 3288 2253 3371 Apollodorum,
2302 3288 2595 3352 mortalis
2643 3298 2834 3364 esset,

588 3404 784 3466 etiam
835 3403 1341 3467 alius-mortalis
1388 3424 1509 3485 pro
1557 3423 1639 3472 eo
1687 3405 1850 3466 mori
1897 3404 2239 3486 potuisset,
2289 3404 2389 3465 sin
2425 3402 2835 3479 immortali5‚

589 3527 660 3579 ut
705 3518 879 3600 apud
929 3516 1359 3601 Aeschylum,
1424 3516 1855 3580 Prometheus
1902 3537 2038 3580 non¹
2080 3518 2294 3600 potuit
2342 3526 2553 3579 morte
2598 3517 2835 3599 puniri,

591 3650 802 3713 neque
863 3631 1046 3694 alteri
1095 3652 1170 3694 ea
1215 3651 1429 3714 poena
1477 3631 1893 3713 suscipienda
1938 3639 2095 3710 erat,
2145 3651 2314 3713 quae
2359 3651 2400 3693 a
2450 3629 2837 3693 Prometheo

661 3802 708 3870 1)
743 3804 803 3854 E.
851 3822 926 3871 gr.
974 3804 1278 3869 Apollodori
1325 3804 1568 3855 Biblioth.
1619 3804 1692 3867 11,
1728 3813 1775 3867 5,
1810 3816 1859 3864 4,
1896 3814 1953 3868 5;
2009 3804 2199 3863 ,μάκεΐ
2228 3803 2479 3871 (Χείρων)
2518 3803 2841 3869 τελευτῆσαι

589 3894 937 3955 βουλόμενος,
987 3898 1074 3945 καὶ
1121 3901 1196 3962 μὴ
1248 3895 1550 3957 δυνάμενος
1595 3897 1821 3963 ἐπείπερ
1873 3895 2163 3953 ἀθάνατος
2212 3883 2299 3959 ἦν,
2351 3895 2609 3953 ἀντιδοὺς
2644 3894 2708 3943 δὲ
2748 3894 2841 3943 Διὶ

591 3986 904 4054 ῙῙρομηθέα
941 3990 1036 4037 τὸν
1073 3986 1193 4035 ἀντ’
1230 3988 1396 4036 αὐτοῦ
1434 3988 1793 4053 γενησόμενον
1830 3986 2147 4045 ἀθάνατον,
2184 3990 2348 4044 οὕτως
2385 3987 2729 4035 ἄπέθανεν.”

508 4136 512 4141 ,
589 4079 653 4128 Et
670 4080 742 4142 11,
764 4090 812 4144 5,
835 4092 914 4145 11,
943 4093 1030 4129 10:
1066 4080 1188 4140 „nal
1225 4079 1558 4145 περαιωθεὶς
1588 4078 1678 4126 ἐπὶ
1710 4081 1809 4142 τὴν
1836 4078 2059 4144 ἤπειρον
2086 4081 2191 4143 τὴν
2216 4077 2440 4144 ἀντικρὺ
2465 4076 2843 4132 κατετόξευσεν

591 4170 682 4218 ἐπὶ
728 4174 822 4220 τοῦ
871 4170 1164 4220 Καυκάσου
1214 4172 1305 4217 τὸν
1361 4170 1622 4217 ἐσθίοντα
1671 4170 1733 4216 τὸ
1780 4171 1874 4217 τοῦ
1912 4166 2256 4235 Προμηθέως
2292 4156 2441 4234 ἧπαρ
2478 4167 2677 4226 αἰετόν,
2712 4165 2842 4215 ὄντα

592 4260 860 4328 Ἐχίδνης
909 4264 996 4309 καὶ
1058 4260 1320 4319 Τυφῶνος·
1371 4262 1458 4309 καὶ
1506 4262 1600 4308 τὸν
1649 4257 1964 4325 Προμηθέα
2018 4258 2191 4316 ἔλυσε,
2232 4258 2433 4318 δεσμὸν
2470 4256 2718 4317 ἑλόμειος
2753 4259 2845 4305 τὸν

590 4358 690 4417 τῆς
725 4352 935 4411 ἐλαίας,
977 4353 1064 4400 καὶ
1100 4352 1339 4417 παρέσχε
1377 4353 1446 4417 τῷ
1483 4350 1575 4398 Διὶ
1613 4348 1860 4415 Χείρωνα
1904 4350 2163 4414 θνήσκειν
2200 4348 2491 4397 ἀθάνατον
2520 4348 2646 4396 ἀντ’
2682 4349 2847 4397 αὐτοῦ

598 4442 894 4493 θέλοντα.”
