3442 4975
1727 425 1817 487 44

639 596 878 678 quibus
946 595 1180 659 dicitur
1249 595 1503 659 disertis
1549 594 1765 657 verbis
1814 594 2274 660 neminem
2322 616 2607 680 supra
2655 596 2885 660 Iovem

640 730 1035 793 eumque
1109 709 1485 775 nullius
1555 710 1964 791 imperio
2004 709 2584 775 subiectum
2656 732 2885 774 esse.

585 864 592 873 -
640 824 860 907 Quam
928 826 1144 907 inepte
1213 826 1277 887 id
1348 834 1630 902 sonaret,
1703 826 1756 887 si
1817 812 2237 888 nihilominus
2285 828 2513 907 Μοῖρα
2563 827 2687 889 dea
2732 826 2890 890 Iove

641 941 846 1003 maior
890 948 1198 1003 exstaret.
1258 940 1314 1023 1)

731 1052 806 1117 In
868 1054 1226 1137 tragoedia,
1299 1074 1468 1137 quae
1534 1054 1978 1133 Agamemnon
2047 1051 2441 1130 inscribitur,
2489 1053 2889 1118 vocabulum

639 1174 847 1249 μοῖρα,
889 1189 1291 1252 quamquam
1317 1169 1576 1251 saepius
1604 1168 1905 1243 occurrit,
1931 1167 2067 1232 fere
2094 1168 2339 1251 ubique
2362 1168 2683 1249 significat
2724 1187 2893 1231 sor-

642 1290 800 1345 tem
850 1291 964 1346 aut
1010 1290 1367 1345 mortem
1415 1283 1567 1366 (v.v.
1616 1283 1770 1361 980,
1808 1281 1994 1357 1268,
2029 1288 2219 1363 13'19,
2255 1281 2443 1361 1406,
2479 1298 2665 1361 1417,
2704 1294 2891 1363 1559,

645 1397 920 1459 eandem
967 1395 1507 1478 significationem
1555 1395 1751 1458 habet
1793 1397 1983 1475 μόρος
2029 1418 2091 1458 ν.
2140 1408 2336 1475 -1571,
2395 1395 2608 1478 1598).
2706 1396 2893 1458 Η300

644 1516 832 1592 μοῖρα
877 1532 939 1574 v.
988 1511 1122 1591 980
1187 1510 1270 1572 ab
1319 1508 1441 1572 diis
1488 1510 1799 1573 constitui
1848 1509 2119 1574 dicitur:
2172 1507 2533 1589 τεταγμένα
2582 1510 2647 1570 ἐκ
2695 1509 2890 1569 θεῶν.

648 1627 757 1688 Bis
841 1626 1036 1699 etiam
1121 1626 1445 1688 invenitur
1514 1625 1910 1687 adiectivum
1977 1627 2272 1705 μόρσιμος
2323 1624 2409 1707 2),
2479 1625 2893 1707 participium

649 1737 1058 1818 πεπρωμένος
1103 1747 1202 1802 ter
1241 1739 1326 1821 3),
1375 1759 1545 1822 quae
1587 1757 1784 1801 voces
1825 1739 1959 1801 fere
1982 1760 2192 1821 aeque
2216 1738 2451 1817 valent,
2478 1738 2594 1800 sed
2621 1746 2895 1820 utraque

649 1855 729 1916 ad
781 1875 882 1916 res
930 1854 1249 1917 humanas
1309 1861 1563 1916 tanturn
1611 1852 1911 1934 pertinet,·
1981 1874 2259 1935 quarum
2309 1853 2468 1924 Ζεύς
2514 1853 2655 1915 sola
2700 1873 2897 1915 causa

650 1990 794 2032 esse
842 1968 1076 2032 dicitur
1121 1990 1184 2032 v.
1235 1988 1299 2029 v,
1358 1969 1832 2048 1448—1449:

865 2053 874 2069 χ
1008 2080 1078 2142 ἰὼ
1129 2081 1210 2160 ἰή,
1259 2078 1391 2141 διαὶ
1441 2080 1593 2151 Διὸς
1641 2079 1993 2141 παναιτίου
2040 2081 2113 2164 4)
2160 2078 2541 2159 πανεργέτα.

1005 2195 1069 2255 τί
1116 2196 1235 2275 γὰρ
1284 2195 1530 2278 βροτοῖς
1561 2196 1739 2256 ἄνευ
1792 2196 1944 2266 Διὸς
1992 2193 2275 2257 τελεῖται
2332 2195 2429 2277 5);

743 2312 849 2373 Ex
918 2310 1046 2373 hoc
1109 2311 1344 2373 eodem
1394 2311 1541 2373 loco
1587 2321 1876 2394 apparet,
1924 2313 2083 2395 quid
2130 2314 2213 2376 sit
2259 2312 2462 2375 satum
2511 2312 2595 2373 de
2650 2330 2789 2392 quo
2837 2329 2899 2372 v.

666 2439 780 2507 125
834 2423 902 2509 6>
947 2433 1013 2488 et
1056 2446 1116 2489 v.
1176 2426 1341 2506 1498
1392 2424 1461 2509 7)
1508 2428 1725 2490 'sermo
1772 2434 1889 2491 est.

746 2538 1086 2601 Hactenus
1158 2540 1354 2622 igitur
1421 2539 1598 2602 Iovis
1671 2542 1980 2604 maiestas
2041 2541 2385 2604 incolumis
2448 2541 2653 2604 evasit
2702 2559 2900 2620 appa-

654 2653 913 2734 ruitque
981 2651 1186 2715 fatum
1259 2652 1421 2716 nihil
1482 2653 1663 2717 a-liud
1725 2654 2089 2736 significare
2147 2656 2267 2717 nisi
2328 2654 2671 2717 consilium
2720 2653 2897 2716 Iovis

655 2766 1066 2848 aliorumque
1127 2767 1423 2830 deorum.
1518 2767 1720 2850 Quod
1791 2789 1923 2831 non
1992 2771 2079 2833 ita
2146 2778 2244 2832 est
2312 2771 2377 2832 in
2447 2766 2905 2831 Eumenidz'bus

657 2889 723 2944 et
791 2879 1180 2957 Promethea,
1266 2881 1350 2944 ad
1421 2866 1584 2964 quas
1651 2883 2023 2966 tragoedias
2101 2882 2489 2964 Chob‘phoroe
2558 2881 2902 2945 transitum

731 3121 776 3179 1)
815 3117 940 3166 Vide
971 3117 1121 3166 etiam
1157 3133 1238 3168 vv.
1275 3128 1354 3180 79,
1391 3117 1506 3182 388,
1542 3126 1656 3180 574,
1694 3126 1809 3179 779,
1847 3115 2131 3180 785—787,
2171 3129 2313 3176 1024.

725 3212 776 3271 2)
844 3210 1024 3272 Agant.
1064 3208 1360 3272 145—146:

1025 3301 1216 3351 τοιάδε
1251 3300 1482 3367 Κάλχας
1516 3301 1610 3356 ξὺν
1643 3298 1901 3365 μεγάλοις
1937 3300 2177 3364 ἀγαθοῖς
2214 3300 2556 3365 ἀπέκλαγξεν

1025 3392 1233 3460 μόρσιμ’
1271 3391 1366 3440 ἀπ’
1402 3392 1634 3459 ὀρνίθων
1667 3390 1829 3441 ὁδίων
1864 3390 2021 3448 οἴκοις
2056 3391 2369 3451 βασιλείοις.

661 3491 708 3532 et
743 3499 790 3532 v.
832 3495 985 3534 1001:
1019 3486 1283 3550 μορσίμων
1320 3483 1697 3550 ἀγρευμάτων.

729 3575 780 3639 3)
845 3575 1026 3638 Agam.
1062 3573 1152 3626 68:
1190 3574 1431 3623 τελεῖται
1468 3575 1521 3622 δ’
1560 3576 1613 3631 ἒς
1649 3576 1709 3621 τὸ
1745 3576 2110 3642 πεπρωμένον·

729 3683 776 3714 v.
812 3667 1104 3716 661—662:
1141 3669 1437 3733 προνοίαισι
1473 3670 1566 3716 τοῦ
1601 3669 1969 3735 πεπρωμένου.

731 3775 779 3808 v.
820 3758 973 3807 1628:
1011 3761 1317 3824 στείχετε....
1353 3761 1486 3826 πρὸς
1521 3758 1721 3818 δόμους
1756 3761 2137 3827 πεπρωμένους
2171 3758 2395 3816 torrida,-

730 3849 784 3916 4)
850 3851 905 3899 Si
956 3849 1134 3918 Μοῖρα
1171 3850 1338 3916 aliqua
1371 3866 1519 3916 supra
1554 3851 1731 3901 Iovem
1766 3858 1915 3914 esset,
1945 3852 2031 3902 hic
2064 3867 2319 3900 summum
2352 3852 2629 3912 μεταίτιος
2648 3848 2911 3914 'appellari

665 3944 897 3993 debebat.
933 3943 1033 3993 Csr.
1070 3944 1240 4009 verba,
1274 3943 1457 4008 quibus
1493 3943 1710 4009 Erinyes
1736 3944 2031 4009 Apollinem
2062 3944 2403 4007 alloquuntur,
2438 3943 2598 3992 Eum.
2622 3940 2910 4004 197-—1981

1202 4037 1362 4093 αὐτὸς
1399 4038 1462 4085 σύ
1495 4037 1694 4086 τούτων
1730 4037 1787 4085 οὐ
1824 4039 2097 4096 μεταίτιος
2131 4034 2293 4100 πέλῃ,

1204 4128 1325 4177 ἀλλ’
1359 4123 1436 4187 εἷς
1469 4132 1530 4178 τὸ
1563 4133 1676 4178 πᾶν
1714 4129 1953 4197 ἔπραξας
1988 4127 2057 4178 ὢν
2093 4130 2394 4184 παναίτιος.

736 4221 786 4287 5)
822 4221 920 4271 Cfr.
957 4238 1041 4273 vv.
1076 4222 1170 4300 ⁶²⁹.
1193 4231 1308 4286 354,
1344 4222 1458 4286 655.

735 4314 788 4375 6)
822 4314 956 4364 Vide
989 4314 1055 4362 de
1089 4314 1186 4362 hoc
1221 4313 1337 4362 loco
1372 4329 1422 4378 p.
1457 4326 1539 4376 39.

739 4405 786 4471 7)
820 4407 952 4454 Vide
1003 4411 1174 4454 notam
1232 4420 1273 4456 1.
1323 4421 1371 4470 p.
1424 4419 1510 4465 41.
1561 4406 1614 4453 Si
1667 4420 1784 4452 cum
1818 4403 2088 4452 Weckiino
2126 4402 2388 4468 Musgravi
2424 4402 2760 4451 coniecturam
2792 4401 2914 4450 reci-

670 4513 839 4563 perem
872 4497 1035 4564 (Λίκα
1060 4533 1070 4542 .
1094 4532 1136 4543 ..
1177 4496 1483 4562 θηγάνει..
1507 4533 1518 4543 .
1555 4494 1871 4561 μάχαιραν),
1904 4495 1969 4542 de
2002 4495 2101 4542 hoc
2135 4494 2251 4543 loco
2284 4500 2446 4543 tacere
2479 4509 2692 4560 possem.
