3442 4975
1774 403 1855 463 28

787 585 1035 647 Rerum
1107 593 1334 647 natura
1398 588 1706 668 quoniam
1756 608 1841 649 ex
1888 587 2146 650 duabus
2193 598 2447 653 constat
2492 591 2809 673 partibuS,
2856 611 2942 653 ex

691 702 769 762 iis
839 701 1001 776 scil„
1071 701 1312 783 quibus
1383 702 1540 765 vita'
1583 703 1754 765 inest
1824 712 1889 767 et
1933 704 2031 781 iis,
2078 724 2251 785 quae
2296 706 2430 768 vita
2476 714 2700 769 carent
2746 711 2938 787 (quae

684 823 814 878 'nos
888 815 1152 898 Belgice
1214 836 1528 879 vocamus
1591 817 1981 899 organische
2028 828 2093 883 et
2138 819 2618 902 anorganische
2664 826 2942 898 natuur),

692 930 882 992 nobis
966 930 1414 1012 quaerendum
1484 939 1598 1005 est,
1668 940 1912 1014 quanta
1981 932 2047 995 in
2124 942 2469 1021 utramque
2538 943 2789 1015 partem
2860 934 2945 997 sit

699 1044 871 1110 Iovis
917 1055 1223 1127 potestas,
1275 1044 1446 1109 Cum
1493 1066 1649 1108 vero
1697 1047 1937 1123 omnia,
1986 1066 2155 1129 quae
2201 1056 2556 1110 nascuntur
2592 1056 2656 1109 et
2693 1048 2943 1121 vivunt,

693 1166 808 1220 aut
854 1158 1151 1221 homines
1197 1161 1324 1223 sint
1367 1168 1482 1221 aut
1525 1159 1832 1222 animalia
1877 1167 1991 1222 aut
2038 1159 2279 1222 herbae
2305 1157 2941 1238 (hicsimularbores

693 1283 844 1336 sunt
914 1274 1318 1352 audiendae),
1391 1274 1474 1337 de
1543 1273 1923 1337 hominibus
1995 1284 2214 1337 autem
2287 1276 2417 1337 iarn
2487 1294 2682 1356 supra
2728 1295 2944 1336 sermo

689 1390 901 1464 fuerit,
989 1390 1332 1453 videamus
1415 1384 1723 1472 primum,
1803 1411 1933 1472 qua
2003 1412 2087 1452 ex
2156 1394 2340 1472 parte
2408 1390 2583 1452 Iovis
2651 1399 2943 1473 potestas

691 1511 909 1583 pateat
978 1504 1043 1565 in
1111 1504 1500 1566 animalibus
1569 1507 1637 1568 el:
1703 1503 1946 1581 herbiS‚
2018 1504 2252 1568 deinde
2322 1525 2453 1587 qua
2516 1526 2601 1567 ex
2647 1513 2829 1586 parte
2877 1507 2941 1569 in

694 1614 889 1677 rebus
935 1616 1067 1679 vita
1115 1614 1508 1681 carentibus,

779 1729 1112 1793 Animalia
1182 1730 1381 1811 igitur
1450 1739 1515 1793 et
1581 1729 1823 1793 herbae
1893 1740 2249 1794 nascuntur
2295 1735 2571 1797 naturali
2620 1754 2943 1817 propaga-

690 1844 888 1919 tione,
952 1865 1083 1906 non
1155 1844 1371 1906 minus
1442 1866 1645 1927 quam
1713 1844 2034 1923 homine3‚
2092 1851 2145 1924 1)
2216 1847 2363 1929 quis
2424 1858 2645 1911 autem
2711 1868 2941 1909 eorum

697 1978 938 2039 genera
1005 1960 1463 2046 procreaverit,
1525 1979 1662 2021 non
1709 1967 1908 2041 patet.
2000 1957 2134 2021 Sed
2182 1961 2329 2042 quis
2375 1970 2497 2037 est,
2546 1963 2658 2045 qui
2708 1983 2785 2024 ea
2830 1961 2943 2024 alit

697 2081 762 2136 et
827 2078 1071 2154 auget?
1164 2073 1488 2136 Videntur
1547 2082 1718 2136 terra
1766 2081 1831 2135 et
1877 2073 1975 2135 sol
2022 2072 2149 2135 hoc
2196 2074 2405 2137 facere
2452 2083 2516 2138 et
2563 2077 2625 2138 id
2676 2075 2941 2157 quidem

695 2206 815 2248 sua
882 2188 1147 2268 propria
1216 2188 1299 2249 vi.
1393 2188 1494 2265 Γῆ
1542 2208 1597 2250 e.
1647 2208 1745 2269 gr.
1794 2195 1895 2250 est
1942 2192 2299 2269 παμμήτωρ
2348 2189 2587 2273 (From.
2635 2190 2771 2272 90),
2836 2188 2941 2251 vel

691 2303 915 2380 μήτηρ,
987 2297 1268 2381 φιλτάτη
1305 2304 1560 2381 ,τροφός
1605 2301 1804 2385 (Sept.
1863 2300 1985 2384 16),
2033 2322 2204 2384 quae
2248 2302 2567 2381 homineS,
2614 2302 2941 2381 animalia,

694 2411 930 2476 herbas
1001 2416 1200 2477 nutrit
1268 2414 1462 2498 (Sept.
1543 2414 1831 2494 16—20;
1914 2415 2182 2497 Clzoessplz.
2260 2422 2427 2498 572),
2475 2418 2680 2479 immo
2729 2438 2805 2480 ea
2855 2438 2941 2479 ex

700 2527 901 2590 Caelo
949 2538 1265 2612 concepta
1312 2531 1553 2612 gignit:
2001 2546 2008 2552 ·
2412 2543 2419 2546 ’

1053 2669 1161 2748 ἐρᾷ
1207 2671 1316 2748 μὲν
1365 2670 1558 2747 ἁγνὸς
1605 2667 1869 2750 οὐρανὸς
1918 2659 2227 2751 θρώσκειν
2278 2672 2509 2750 χθόνα,

1051 2781 1187 2862 ἔρος
1232 2780 1294 2844 δὲ
1340 2789 1530 2860 γαῖαν
1579 2780 1889 2867 λαμβάνει
1938 2789 2141 2864 γάμου
2189 2789 2422 2865 τυχεῖν.

1049 2898 1272 2982 ὄμβρος
1319 2895 1374 2958 δ’
1421 2895 1538 2958 cin'
1584 2896 2014 2971 εὐνασθέντος
2059 2898 2330 2979 οὐρανοῦ
2379 2896 2589 2958 πεσὼν

1053 3010 1231 3072 ἔκυσε
1278 3017 1494 3090 γαῖαν·
1542 3016 1579 3092 ἣ
1628 3010 1690 3074 δὲ
1740 3013 2028 3074 τίκτεται
2076 3016 2323 3098 βροτοῖς

1049 3126 1264 3208 μήλων
1315 3153 1391 3191 τε·
1427 3133 1658 3216 βοσκὰς
1708 3132 1813 3190 καὶ
1859 3128 1999 3214 βίον
2052 3130 2432 3208 Δημήτριον.

767 3462 811 3528 1)
881 3463 1198 3527 Quamquam
1249 3464 1391 3520 Ζεὺς
1442 3480 1543 3512 non
1595 3465 1854 3513 determin:
1875 3471 1953 3513 tur
2001 3464 2196 3528 legibus
2231 3470 2451 3527 naturae,
2486 3463 2591 3522 sed,
2626 3464 2729 3527 ipse
2764 3463 2941 3510 harum

695 3555 864 3618 legum
893 3571 1042 3604 causa
1076 3563 1125 3604 et
1158 3564 1345 3615 auctor,
1380 3557 1444 3604 de
1478 3556 1540 3603 iis
1572 3556 1817 3604 decedere
1849 3561 2026 3620 potest,
2062 3555 2195 3619 quod
2232 3554 2513 3617 Aeschylus
2547 3553 2743 3602 disertis
2778 3553 2943 3601 verbis

697 3646 942 3710 significat
994 3647 1172 3711 Suppl.
1227 3661 1352 3709 300:
1407 3646 1548 3704 Ζεὺς
1601 3646 1852 3708 ἐφάπτωρ
1906 3647 2042 3711 χειρὶ
2095 3646 2267 3703 φιτύει
2320 3644 2503 3708 γόνους
2553 3644 2676 3692 ibid.
2721 3643 2941 3706 17—1-8:

694 3740 821 3797 βοὸς
874 3738 926 3792 ἐξ
979 3739 1192 3802 ἐπαφῆς
1245 3739 1338 3793 κάξ
1391 3740 1674 3795 {lcum-oica·
1725 3738 1870 3795 Διός.
1940 3738 1999 3784 In
2050 3737 2129 3785 his
2162 3737 2387 3785 versibus
2420 3750 2569 3784 voces
2606 3734 2857 3802 ἐφάπτωρ
2894 3741 2944 3784 et

695 3832 877 3895 ἐπαφὴ
913 3847 1017 3878 non
1051 3831 1223 3895 magni
1257 3838 1370 3880 sunt
1405 3831 1661 3889 momenti,
1696 3830 1817 3895 quia
1851 3836 2001 3895 poeta
2034 3829 2115 3877 his
2149 3828 2315 3877 verbis
2350 3828 2414 3877 ad
2448 3842 2634 3876 nomen
2669 3827 2941 3892 Epaphum

695 3923 890 3984 alludit,
939 3937 1244 3987 quamquam
1298 3922 1573 3972 notandum
1623 3928 1698 3971 est
1749 3921 1875 3970 illud
1929 3921 2179 3987 ἐφάπτωρ
2234 3921 2298 3968 ad
2352 3919 2520 3984 plures
2566 3918 2691 3967 alias
2728 3920 2941 3976 ἕῐταφὰς

695 4015 940 4080 pertinere
973 4016 1246 4064 secundum
1280 4015 1698 4079 significationem
1732 4014 1958 4062 omnium
1990 4014 2255 4062 verborum
2291 4011 2344 4059 in
2376 4028 2501 4077 -τωρ
2537 4009 2783 4076 (Lat.-tor)
2814 4009 2942 4058 desi-

693 4108 932 4157 nentium.
1001 4108 1168 4157 Verba
1217 4115 1384 4157 autem
1436 4107 1641 4156 maximi
1689 4107 1929 4172 ponderis
1975 4112 2090 4155 sunt
2125 4107 2261 4170 χειρὶ
2297 4110 2345 4152 et
2382 4104 2433 4158 ἐξ
2472 4105 2757 4159 &cutwine
2796 4103 2940 4160 Διός.

691 4201 968 4262 Praeclara,
1000 4199 1194 4250 Graeco
1229 4201 1436 4265 quidem
1469 4200 1681 4261 homini,
1715 4199 1884 4260 verba,
1918 4214 2129 4262 quorum
2164 4196 2488 4262 pulchritudo
2524 4196 2674 4244 etiam
2708 4211 2739 4243 a
2771 4194 2940 4259 pravis

692 4294 857 4342 verbis
893 4293 1091 4358 Pelasgi
1127 4301 1176 4343 et
1209 4293 1363 4342 Chori
1400 4293 1581 4358 Suppl.
1616 4291 1715 4352 284
1750 4308 1814 4344 ss,
1848 4298 1898 4340 et
1932 4291 2218 4340 Promethei
2257 4291 2348 4338 I’r.
2387 4288 2485 4360 588
2512 4287 2698 4336 intacta
2716 4292 2938 4336 manent.

697 4386 798 4435 Cfr.
849 4387 1000 4435 etiam
1035 4394 1231 4451 partum
1269 4387 1530 4435 Minervae
1563 4386 1722 4434 Eum.
1759 4383 2040 4448 653—656.
2079 4382 2225 4430 Haec
2258 4387 2332 4430 est
2367 4381 2455 4430 illa
2489 4395 2685 4429 summa
2718 4378 2938 4442 libertaS‚

692 4481 757 4528 de
791 4494 890 4543 qua
925 4478 1140 4544 Κράτος
1175 4479 1292 4526 dicit
1326 4479 1499 4525 l'rom.
1539 4486 1628 4540 50:
1667 4475 1962 4541 ἐλεύθερος
1998 4475 2103 4540 γὰρ
2139 4475 2283 4530 οὔτις
2319 4475 2433 4520 ἐστὶ
2471 4472 2618 4536 πλὴν
2656 4470 2801 4527 Διός.
