<?xml version="1.0" encoding="UTF-8"?>
<!DOCTYPE html PUBLIC "-//W3C//DTD XHTML 1.0 Transitional//EN"
    "http://www.w3.org/TR/xhtml1/DTD/xhtml1-transitional.dtd">
<html xmlns="http://www.w3.org/1999/xhtml" xml:lang="en" lang="en">
 <head>
  <title>
</title>
<meta http-equiv="Content-Type" content="text/html;charset=utf-8" />
  <meta name='ocr-system' content='tesseract 3.04.00' />
  <meta name='ocr-capabilities' content='ocr_page ocr_carea ocr_par ocr_line ocrx_word'/>
</head>
<body>
  <div class='ocr_page' id='page_1' title='image "./dedeoaeschyleo01fiscgoog_0136.png"; bbox 0 0 3442 4975; ppageno 0'>
   <div class='ocr_carea' id='block_1_1' title="bbox 1748 408 1866 454">
    <p class='ocr_par' dir='ltr' id='par_1_1' title="bbox 1748 408 1866 454">
     <span class='ocr_line' id='line_1_1' title="bbox 1748 408 1866 454; baseline -0.017 0"><span class='ocrx_word' id='word_1_1' title='bbox 1748 408 1866 454; x_wconf 85' lang='lat'><strong><em>122</em></strong></span> 
     </span>
    </p>
   </div>
   <div class='ocr_carea' id='block_1_2' title="bbox 672 575 2985 2139">
    <p class='ocr_par' dir='ltr' id='par_1_2' title="bbox 680 575 2927 888">
     <span class='ocr_line' id='line_1_2' title="bbox 680 575 2927 658; baseline -0.001 -17"><span class='ocrx_word' id='word_1_2' title='bbox 680 589 742 658; x_wconf 83' lang='lat' dir='ltr'><strong><em>et</em></strong></span> <span class='ocrx_word' id='word_1_3' title='bbox 804 579 1061 641; x_wconf 84' lang='lat' dir='ltr'>Electra</span> <span class='ocrx_word' id='word_1_4' title='bbox 1130 577 1238 641; x_wconf 89' lang='lat' dir='ltr'><strong><em>ubi</em></strong></span> <span class='ocrx_word' id='word_1_5' title='bbox 1309 577 1604 654; x_wconf 83' lang='lat' dir='ltr'>haesitat,</span> <span class='ocrx_word' id='word_1_6' title='bbox 1688 596 1771 639; x_wconf 83' lang='lat' dir='ltr'><strong><em>an</em></strong></span> <span class='ocrx_word' id='word_1_7' title='bbox 1853 577 2189 639; x_wconf 89' lang='lat' dir='ltr'>inimicum</span> <span class='ocrx_word' id='word_1_8' title='bbox 2234 647 2237 650; x_wconf 13' lang='lat'><strong>⁴</strong></span> <span class='ocrx_word' id='word_1_9' title='bbox 2277 577 2463 638; x_wconf 85' lang='lat' dir='ltr'>malis</span> <span class='ocrx_word' id='word_1_10' title='bbox 2532 575 2788 639; x_wconf 89' lang='lat' dir='ltr'>afficere</span> <span class='ocrx_word' id='word_1_11' title='bbox 2833 577 2927 638; x_wconf 86' lang='lat' dir='ltr'>fas</span> 
     </span>
     <span class='ocr_line' id='line_1_3' title="bbox 681 689 1875 774; baseline -0.003 -20"><span class='ocrx_word' id='word_1_12' title='bbox 681 695 782 770; x_wconf 89' lang='lat' dir='ltr'>sit,</span> <span class='ocrx_word' id='word_1_13' title='bbox 831 702 1022 774; x_wconf 87' lang='lat' dir='ltr'>rogat</span> <span class='ocrx_word' id='word_1_14' title='bbox 1067 690 1343 754; x_wconf 87' lang='lat' dir='ltr'>chorum</span> <span class='ocrx_word' id='word_1_15' title='bbox 1399 689 1662 770; x_wconf 61' lang='lat' dir='ltr'><strong><em>Choeph.</em></strong></span> <span class='ocrx_word' id='word_1_16' title='bbox 1719 705 1875 770; x_wconf 83' lang='lat'>115:</span> 
     </span>
     <span class='ocr_line' id='line_1_4' title="bbox 1033 801 2469 888; baseline -0.002 -23"><span class='ocrx_word' id='word_1_17' title='bbox 1033 806 1138 866; x_wconf 84' lang='grc' dir='ltr'><strong><em>καὶ</em></strong></span> <span class='ocrx_word' id='word_1_18' title='bbox 1189 807 1402 866; x_wconf 85' lang='grc' dir='ltr'><strong><em>ταῦτά</em></strong></span> <span class='ocrx_word' id='word_1_19' title='bbox 1443 804 1710 884; x_wconf 72' lang='grc' dir='ltr'><strong><em>μούστὶν</em></strong></span> <span class='ocrx_word' id='word_1_20' title='bbox 1761 801 1981 888; x_wconf 76' lang='grc' dir='ltr'><strong><em>εὐσεβῆ</em></strong></span> <span class='ocrx_word' id='word_1_21' title='bbox 2030 807 2204 868; x_wconf 80' lang='grc' dir='ltr'><strong><em>θεῶν</em></strong></span> <span class='ocrx_word' id='word_1_22' title='bbox 2253 808 2469 883; x_wconf 60' lang='lat' dir='ltr'><strong><em>adea,-</em></strong></span> 
     </span>
    </p>

    <p class='ocr_par' dir='ltr' id='par_1_3' title="bbox 766 917 2924 1008">
     <span class='ocr_line' id='line_1_5' title="bbox 766 917 2924 1008; baseline -0.002 -26"><span class='ocrx_word' id='word_1_23' title='bbox 766 919 1000 1002; x_wconf 85' lang='lat' dir='ltr'>Itaque</span> <span class='ocrx_word' id='word_1_24' title='bbox 1067 939 1154 982; x_wconf 85' lang='lat' dir='ltr'><strong><em>ex</em></strong></span> <span class='ocrx_word' id='word_1_25' title='bbox 1223 919 1553 1001; x_wconf 85' lang='lat' dir='ltr'><strong>impietate</strong></span> <span class='ocrx_word' id='word_1_26' title='bbox 1620 923 1937 982; x_wconf 88' lang='lat' dir='ltr'>adversus</span> <span class='ocrx_word' id='word_1_27' title='bbox 2004 917 2165 980; x_wconf 92' lang='lat' dir='ltr'>deos</span> <span class='ocrx_word' id='word_1_28' title='bbox 2232 917 2389 1008; x_wconf 84' lang='lat' dir='ltr'>vitia</span> <span class='ocrx_word' id='word_1_29' title='bbox 2451 924 2805 979; x_wconf 87' lang='lat' dir='ltr'>nascuntur</span> <span class='ocrx_word' id='word_1_30' title='bbox 2853 925 2924 978; x_wconf 90' lang='lat' dir='ltr'><strong><em>ut</em></strong></span> 
     </span>
    </p>

    <p class='ocr_par' dir='ltr' id='par_1_4' title="bbox 677 1032 2419 1232">
     <span class='ocr_line' id='line_1_6' title="bbox 677 1032 1427 1116; baseline -0.004 -19"><span class='ocrx_word' id='word_1_31' title='bbox 677 1033 985 1116; x_wconf 85' lang='lat' dir='ltr'>superbia</span> <span class='ocrx_word' id='word_1_32' title='bbox 1031 1033 1218 1099; x_wconf 87' lang='lat' dir='ltr'><strong><em>Eum.</em></strong></span> <span class='ocrx_word' id='word_1_33' title='bbox 1269 1032 1427 1113; x_wconf 83' lang='lat'><strong>526:</strong></span> 
     </span>
     <span class='ocr_line' id='line_1_7' title="bbox 1034 1144 2419 1232; baseline -0.003 -24"><span class='ocrx_word' id='word_1_34' title='bbox 1034 1144 1370 1230; x_wconf 72' lang='grc' dir='ltr'><strong><em>δυσσεβίας</em></strong></span> <span class='ocrx_word' id='word_1_35' title='bbox 1416 1147 1531 1226; x_wconf 77' lang='grc' dir='ltr'><strong><em>μὲν</em></strong></span> <span class='ocrx_word' id='word_1_36' title='bbox 1583 1147 1758 1232; x_wconf 74' lang='grc' dir='ltr'><strong><em>ὕβρις</em></strong></span> <span class='ocrx_word' id='word_1_37' title='bbox 1805 1145 1979 1218; x_wconf 65' lang='grc' dir='ltr'><strong><em>τέκος</em></strong></span> <span class='ocrx_word' id='word_1_38' title='bbox 2024 1145 2110 1218; x_wconf 73' lang='grc' dir='ltr'><strong><em>ὡς</em></strong></span> <span class='ocrx_word' id='word_1_39' title='bbox 2156 1147 2419 1225; x_wconf 66' lang='grc' dir='ltr'><strong><em>ἐτύμως·</em></strong></span> 
     </span>
    </p>

    <p class='ocr_par' dir='ltr' id='par_1_5' title="bbox 672 1257 2985 2139">
     <span class='ocr_line' id='line_1_8' title="bbox 765 1257 2919 1344; baseline -0.002 -20"><span class='ocrx_word' id='word_1_40' title='bbox 765 1261 1100 1344; x_wconf 86' lang='lat' dir='ltr'>Apparet·</span> <span class='ocrx_word' id='word_1_41' title='bbox 1144 1262 1344 1344; x_wconf 86' lang='lat' dir='ltr'>igitur</span> <span class='ocrx_word' id='word_1_42' title='bbox 1429 1258 1749 1343; x_wconf 75' lang='grc' dir='ltr'><strong><em>εὐσέβειαν</em></strong></span> <span class='ocrx_word' id='word_1_43' title='bbox 1836 1281 1967 1323; x_wconf 88' lang='lat' dir='ltr'><strong><em>non</em></strong></span> <span class='ocrx_word' id='word_1_44' title='bbox 2036 1260 2253 1322; x_wconf 88' lang='lat' dir='ltr'>solum</span> <span class='ocrx_word' id='word_1_45' title='bbox 2316 1257 2573 1321; x_wconf 82' lang='lat' dir='ltr'>cultum</span> <span class='ocrx_word' id='word_1_46' title='bbox 2644 1258 2919 1320; x_wconf 89' lang='lat' dir='ltr'>deorum</span> 
     </span>
     <span class='ocr_line' id='line_1_9' title="bbox 676 1369 2922 1456; baseline -0.001 -20"><span class='ocrx_word' id='word_1_47' title='bbox 676 1373 1062 1456; x_wconf 79' lang='lat' dir='ltr'>significare,</span> <span class='ocrx_word' id='word_1_48' title='bbox 1131 1374 1249 1436; x_wconf 91' lang='lat' dir='ltr'>sed</span> <span class='ocrx_word' id='word_1_49' title='bbox 1318 1375 1511 1436; x_wconf 87' lang='lat' dir='ltr'>etiam</span> <span class='ocrx_word' id='word_1_50' title='bbox 1582 1375 1645 1435; x_wconf 93' lang='lat' dir='ltr'><strong><em>in</em></strong></span> <span class='ocrx_word' id='word_1_51' title='bbox 1716 1394 1798 1436; x_wconf 92' lang='lat' dir='ltr'><strong><em>eo</em></strong></span> <span class='ocrx_word' id='word_1_52' title='bbox 1844 1374 2121 1455; x_wconf 81' lang='lat' dir='ltr'>positam</span> <span class='ocrx_word' id='word_1_53' title='bbox 2170 1379 2451 1448; x_wconf 85' lang='lat' dir='ltr'>esse,·ut</span> <span class='ocrx_word' id='word_1_54' title='bbox 2498 1369 2797 1433; x_wconf 89' lang='lat' dir='ltr'>homines</span> <span class='ocrx_word' id='word_1_55' title='bbox 2845 1372 2922 1434; x_wconf 91' lang='lat' dir='ltr'>iis</span> 
     </span>
     <span class='ocr_line' id='line_1_10' title="bbox 677 1487 2923 1572; baseline -0.002 -21"><span class='ocrx_word' id='word_1_56' title='bbox 677 1487 954 1571; x_wconf 81' lang='lat' dir='ltr'>legibuS,</span> <span class='ocrx_word' id='word_1_57' title='bbox 1025 1509 1190 1570; x_wconf 88' lang='lat' dir='ltr'>quas</span> <span class='ocrx_word' id='word_1_58' title='bbox 1253 1487 1416 1550; x_wconf 90' lang='lat' dir='ltr'>deus</span> <span class='ocrx_word' id='word_1_59' title='bbox 1462 1488 1758 1551; x_wconf 87' lang='lat' dir='ltr'>societati</span> <span class='ocrx_word' id='word_1_60' title='bbox 1807 1487 2133 1551; x_wconf 88' lang='lat' dir='ltr'>humanae</span> <span class='ocrx_word' id='word_1_61' title='bbox 2180 1487 2449 1566; x_wconf 88' lang='lat' dir='ltr'>dederit,</span> <span class='ocrx_word' id='word_1_62' title='bbox 2495 1495 2787 1572; x_wconf 84' lang='lat' dir='ltr'>pareant.</span> <span class='ocrx_word' id='word_1_63' title='bbox 2836 1487 2923 1548; x_wconf 88' lang='lat' dir='ltr'><strong><em>ita</em></strong></span> 
     </span>
     <span class='ocr_line' id='line_1_11' title="bbox 675 1597 2923 1685; baseline -0.001 -21"><span class='ocrx_word' id='word_1_64' title='bbox 675 1612 893 1664; x_wconf 88' lang='lat' dir='ltr'>tamen</span> <span class='ocrx_word' id='word_1_65' title='bbox 943 1611 1028 1663; x_wconf 74' lang='lat' dir='ltr'><strong><em>ut‘</em></strong></span> <span class='ocrx_word' id='word_1_66' title='bbox 1059 1597 1342 1683; x_wconf 70' lang='grc' dir='ltr'><strong><em>εὐσέβεια</em></strong></span> <span class='ocrx_word' id='word_1_67' title='bbox 1385 1621 1640 1664; x_wconf 84' lang='lat' dir='ltr'>summa</span> <span class='ocrx_word' id='word_1_68' title='bbox 1686 1600 1885 1664; x_wconf 76' lang='lat' dir='ltr'><strong><em>virtus</em></strong></span> <span class='ocrx_word' id='word_1_69' title='bbox 1928 1602 2075 1685; x_wconf 89' lang='lat' dir='ltr'><strong><em>(non</em></strong></span> <span class='ocrx_word' id='word_1_70' title='bbox 2108 1622 2363 1664; x_wconf 84' lang='lat' dir='ltr'>summa</span> <span class='ocrx_word' id='word_1_71' title='bbox 2386 1599 2711 1684; x_wconf 83' lang='lat' dir='ltr'><strong><em>virtutum)</em></strong></span> <span class='ocrx_word' id='word_1_72' title='bbox 2737 1609 2923 1682; x_wconf 84' lang='lat' dir='ltr'><strong><em>atque</em></strong></span> 
     </span>
     <span class='ocr_line' id='line_1_12' title="bbox 675 1713 2921 1798; baseline 0 -22"><span class='ocrx_word' id='word_1_73' title='bbox 675 1713 952 1777; x_wconf 80' lang='lat' dir='ltr'><strong><em>omnium</em></strong></span> <span class='ocrx_word' id='word_1_74' title='bbox 1019 1713 1298 1778; x_wconf 76' lang='lat' dir='ltr'><strong><em>aliarum</em></strong></span> <span class='ocrx_word' id='word_1_75' title='bbox 1367 1713 1668 1776; x_wconf 79' lang='lat' dir='ltr'><strong><em>virtutum</em></strong></span> <span class='ocrx_word' id='word_1_76' title='bbox 1714 1735 1911 1776; x_wconf 86' lang='lat' dir='ltr'>causa</span> <span class='ocrx_word' id='word_1_77' title='bbox 1954 1713 2043 1777; x_wconf 80' lang='lat' dir='ltr'><strong><em>sit</em></strong></span> <span class='ocrx_word' id='word_1_78' title='bbox 2081 1736 2160 1777; x_wconf 86' lang='lat' dir='ltr'><strong><em>ac</em></strong></span> <span class='ocrx_word' id='word_1_79' title='bbox 2193 1726 2446 1796; x_wconf 79' lang='lat' dir='ltr'><strong><em>parens.</em></strong></span> <span class='ocrx_word' id='word_1_80' title='bbox 2519 1715 2706 1798; x_wconf 80' lang='lat' dir='ltr'>Quas</span> <span class='ocrx_word' id='word_1_81' title='bbox 2755 1716 2921 1777; x_wconf 85' lang='lat' dir='ltr'>inter</span> 
     </span>
     <span class='ocr_line' id='line_1_13' title="bbox 675 1827 2917 1909; baseline 0 -21"><span class='ocrx_word' id='word_1_82' title='bbox 675 1827 959 1909; x_wconf 89' lang='lat' dir='ltr'>reliquas</span> <span class='ocrx_word' id='word_1_83' title='bbox 1033 1828 1322 1904; x_wconf 82' lang='lat' dir='ltr'>virtuteS,</span> <span class='ocrx_word' id='word_1_84' title='bbox 1396 1835 1572 1908; x_wconf 78' lang='lat' dir='ltr'>quae&#39;</span> <span class='ocrx_word' id='word_1_85' title='bbox 1635 1848 1720 1889; x_wconf 86' lang='lat' dir='ltr'><strong><em>ex</em></strong></span> <span class='ocrx_word' id='word_1_86' title='bbox 1788 1827 2027 1908; x_wconf 89' lang='lat' dir='ltr'>pietate</span> <span class='ocrx_word' id='word_1_87' title='bbox 2088 1847 2245 1909; x_wconf 86' lang='lat' dir='ltr'>erga</span> <span class='ocrx_word' id='word_1_88' title='bbox 2294 1828 2490 1890; x_wconf 87' lang='lat' dir='ltr'>deum</span> <span class='ocrx_word' id='word_1_89' title='bbox 2541 1836 2917 1904; x_wconf 86' lang='lat' dir='ltr'>nascuntur,</span> 
     </span>
     <span class='ocr_line' id='line_1_14' title="bbox 675 1939 2917 2024; baseline 0 -23"><span class='ocrx_word' id='word_1_90' title='bbox 675 1939 800 2002; x_wconf 87' lang='lat' dir='ltr'><strong><em>hae</em></strong></span> <span class='ocrx_word' id='word_1_91' title='bbox 845 1949 1099 2022; x_wconf 87' lang='lat' dir='ltr'>praeter</span> <span class='ocrx_word' id='word_1_92' title='bbox 1142 1940 1298 2004; x_wconf 88' lang='lat' dir='ltr'>alias</span> <span class='ocrx_word' id='word_1_93' title='bbox 1346 1950 1499 2004; x_wconf 90' lang='lat' dir='ltr'>sunt</span> <span class='ocrx_word' id='word_1_94' title='bbox 1551 1940 2203 2003; x_wconf 84' lang='lat' dir='ltr'>commemorandae:</span> <span class='ocrx_word' id='word_1_95' title='bbox 2251 1942 2460 2024; x_wconf 88' lang='lat' dir='ltr'>pietas</span> <span class='ocrx_word' id='word_1_96' title='bbox 2508 1960 2663 2022; x_wconf 85' lang='lat' dir='ltr'>erga</span> <span class='ocrx_word' id='word_1_97' title='bbox 2687 1960 2917 2023; x_wconf 85' lang='lat' dir='ltr'>paren-</span> 
     </span>
     <span class='ocr_line' id='line_1_15' title="bbox 672 2053 2985 2139; baseline 0 -23"><span class='ocrx_word' id='word_1_98' title='bbox 672 2064 790 2129; x_wconf 81' lang='lat' dir='ltr'>teS,</span> <span class='ocrx_word' id='word_1_99' title='bbox 827 2054 884 2133; x_wconf 84' lang='lat'><strong><em>1)</em></strong></span> <span class='ocrx_word' id='word_1_100' title='bbox 953 2075 1137 2117; x_wconf 87' lang='lat' dir='ltr'>amor</span> <span class='ocrx_word' id='word_1_101' title='bbox 1206 2055 1472 2138; x_wconf 82' lang='lat' dir='ltr'>patriae,</span> <span class='ocrx_word' id='word_1_102' title='bbox 1504 2055 1565 2139; x_wconf 90' lang='lat'><strong><em>2)</em></strong></span> <span class='ocrx_word' id='word_1_103' title='bbox 1614 2054 1941 2137; x_wconf 89' lang='lat' dir='ltr'>supplices</span> <span class='ocrx_word' id='word_1_104' title='bbox 1989 2064 2186 2136; x_wconf 90' lang='lat' dir='ltr'>atque</span> <span class='ocrx_word' id='word_1_105' title='bbox 2234 2053 2523 2136; x_wconf 87' lang='lat' dir='ltr'>hospites</span> <span class='ocrx_word' id='word_1_106' title='bbox 2571 2054 2929 2116; x_wconf 88' lang='lat' dir='ltr'>defendere·</span> <span class='ocrx_word' id='word_1_107' title='bbox 2979 2060 2985 2064; x_wconf 82' lang='lat'>&#39;</span> 
     </span>
    </p>
   </div>
   <div class='ocr_carea' id='block_1_3' title="bbox 664 2252 2943 4520">
    <p class='ocr_par' dir='ltr' id='par_1_6' title="bbox 744 2252 2581 2601">
     <span class='ocr_line' id='line_1_16' title="bbox 744 2252 1334 2320; baseline 0 -18"><span class='ocrx_word' id='word_1_108' title='bbox 744 2252 790 2320; x_wconf 87' lang='lat'><strong><em>1)</em></strong></span> <span class='ocrx_word' id='word_1_109' title='bbox 825 2254 1005 2320; x_wconf 81' lang='lat' dir='ltr'><strong><em>Suppl.</em></strong></span> <span class='ocrx_word' id='word_1_110' title='bbox 1038 2253 1334 2318; x_wconf 76' lang='lat'><strong>673-675²</strong></span> 
     </span>
     <span class='ocr_line' id='line_1_17' title="bbox 1272 2346 1981 2412; baseline 0.003 -20"><span class='ocrx_word' id='word_1_111' title='bbox 1272 2348 1332 2393; x_wconf 89' lang='grc' dir='ltr'><strong><em>τὸ</em></strong></span> <span class='ocrx_word' id='word_1_112' title='bbox 1370 2346 1474 2412; x_wconf 85' lang='grc' dir='ltr'><strong><em>γὰρ</em></strong></span> <span class='ocrx_word' id='word_1_113' title='bbox 1513 2346 1773 2396; x_wconf 78' lang='grc' dir='ltr'><strong><em>τεκόντων</em></strong></span> <span class='ocrx_word' id='word_1_114' title='bbox 1811 2348 1981 2407; x_wconf 86' lang='grc' dir='ltr'><strong><em>σέβας</em></strong></span> 
     </span>
     <span class='ocr_line' id='line_1_18' title="bbox 1271 2420 1987 2504; baseline 0.007 -21"><span class='ocrx_word' id='word_1_115' title='bbox 1271 2439 1453 2504; x_wconf 75' lang='grc' dir='ltr'><strong><em>τρίτον</em></strong></span> <span class='ocrx_word' id='word_1_116' title='bbox 1488 2436 1604 2487; x_wconf 78' lang='grc' dir='ltr'><strong><em>τόδ’</em></strong></span> <span class='ocrx_word' id='word_1_117' title='bbox 1630 2420 1702 2487; x_wconf 15' lang='grc' dir='ltr'><strong><em>λέν</em></strong></span> <span class='ocrx_word' id='word_1_118' title='bbox 1745 2439 1987 2499; x_wconf 76' lang='grc' dir='ltr'><strong><em>θεσμίοις</em></strong></span> 
     </span>
     <span class='ocr_line' id='line_1_19' title="bbox 1272 2531 2581 2601; baseline 0.001 -24"><span class='ocrx_word' id='word_1_119' title='bbox 1272 2531 1444 2587; x_wconf 72' lang='grc' dir='ltr'><strong><em>Δίκας</em></strong></span> <span class='ocrx_word' id='word_1_120' title='bbox 1478 2532 1791 2598; x_wconf 76' lang='grc' dir='ltr'><strong><em>γέγραπται</em></strong></span> <span class='ocrx_word' id='word_1_121' title='bbox 1824 2534 2219 2596; x_wconf 72' lang='grc' dir='ltr'><strong><em>μεγιστοτίμου.</em></strong></span> <span class='ocrx_word' id='word_1_122' title='bbox 2572 2592 2581 2601; x_wconf 39' lang='grc' dir='ltr'>ι</span> 
     </span>
    </p>

    <p class='ocr_par' dir='ltr' id='par_1_7' title="bbox 669 2620 2942 2871">
     <span class='ocr_line' id='line_1_20' title="bbox 738 2620 2942 2689; baseline 0 -19"><span class='ocrx_word' id='word_1_123' title='bbox 738 2624 820 2670; x_wconf 85' lang='lat' dir='ltr'><strong><em>Ad</em></strong></span> <span class='ocrx_word' id='word_1_124' title='bbox 871 2638 1021 2686; x_wconf 87' lang='lat' dir='ltr'>quem</span> <span class='ocrx_word' id='word_1_125' title='bbox 1074 2622 1241 2670; x_wconf 88' lang='lat' dir='ltr'>locum</span> <span class='ocrx_word' id='word_1_126' title='bbox 1292 2620 1574 2671; x_wconf 85' lang='lat' dir='ltr'>Scholiasta</span> <span class='ocrx_word' id='word_1_127' title='bbox 1624 2630 1860 2674; x_wconf 82' lang='lat' dir='ltr'>annotat:</span> <span class='ocrx_word' id='word_1_128' title='bbox 1912 2626 2121 2689; x_wconf 82' lang='grc' dir='ltr'><strong><em>πρῶτον</em></strong></span> <span class='ocrx_word' id='word_1_129' title='bbox 2173 2625 2356 2681; x_wconf 70' lang='grc' dir='ltr'><strong><em>θεοὺς,</em></strong></span> <span class='ocrx_word' id='word_1_130' title='bbox 2406 2623 2663 2689; x_wconf 71' lang='grc' dir='ltr'><strong><em>δεύτερον</em></strong></span> <span class='ocrx_word' id='word_1_131' title='bbox 2704 2624 2942 2682; x_wconf 75' lang='grc' dir='ltr'><strong><em>νόμους,-</em></strong></span> 
     </span>
     <span class='ocr_line' id='line_1_21' title="bbox 675 2713 2916 2781; baseline 0.001 -20"><span class='ocrx_word' id='word_1_132' title='bbox 675 2718 852 2781; x_wconf 78' lang='grc' dir='ltr'><strong><em>τρίιοι·</em></strong></span> <span class='ocrx_word' id='word_1_133' title='bbox 901 2714 964 2763; x_wconf 75' lang='grc' dir='ltr'><strong><em>δὲ</em></strong></span> <span class='ocrx_word' id='word_1_134' title='bbox 1018 2713 1166 2769; x_wconf 81' lang='grc' dir='ltr'><strong><em>τόδε,</em></strong></span> <span class='ocrx_word' id='word_1_135' title='bbox 1221 2716 1280 2762; x_wconf 90' lang='grc' dir='ltr'><strong><em>τὸ</em></strong></span> <span class='ocrx_word' id='word_1_136' title='bbox 1328 2716 1452 2770; x_wconf 78' lang='grc' dir='ltr'><strong><em>τοὺς</em></strong></span> <span class='ocrx_word' id='word_1_137' title='bbox 1490 2721 1663 2777; x_wconf 77' lang='grc' dir='ltr'><strong><em>γονεῖς</em></strong></span> <span class='ocrx_word' id='word_1_138' title='bbox 1705 2717 1879 2773; x_wconf 87' lang='grc' dir='ltr'><strong><em>τιμᾶν.</em></strong></span> <span class='ocrx_word' id='word_1_139' title='bbox 1952 2714 2233 2779; x_wconf 86' lang='lat' dir='ltr'>Aeschylus</span> <span class='ocrx_word' id='word_1_140' title='bbox 2266 2721 2433 2764; x_wconf 85' lang='lat' dir='ltr'>tamen</span> <span class='ocrx_word' id='word_1_141' title='bbox 2467 2714 2663 2763; x_wconf 83' lang='lat' dir='ltr'>videtur</span> <span class='ocrx_word' id='word_1_142' title='bbox 2699 2714 2786 2763; x_wconf 84' lang='lat' dir='ltr'><strong><em>illa</em></strong></span> <span class='ocrx_word' id='word_1_143' title='bbox 2820 2714 2916 2763; x_wconf 87' lang='lat' dir='ltr'>tria</span> 
     </span>
     <span class='ocr_line' id='line_1_22' title="bbox 669 2804 1498 2871; baseline -0.002 -16"><span class='ocrx_word' id='word_1_144' title='bbox 669 2806 976 2871; x_wconf 80' lang='lat' dir='ltr'>significasse</span> <span class='ocrx_word' id='word_1_145' title='bbox 1009 2806 1170 2856; x_wconf 88' lang='lat' dir='ltr'><strong><em>Eum.</em></strong></span> <span class='ocrx_word' id='word_1_146' title='bbox 1205 2804 1498 2870; x_wconf 81' lang='lat'><strong>265—268:</strong></span> 
     </span>
    </p>

    <p class='ocr_par' dir='ltr' id='par_1_8' title="bbox 1068 2895 2190 3055">
     <span class='ocr_line' id='line_1_23' title="bbox 1068 2895 2190 2964; baseline 0.001 -19"><span class='ocrx_word' id='word_1_147' title='bbox 1068 2895 1188 2955; x_wconf 79' lang='grc' dir='ltr'><strong><em>ὄψει</em></strong></span> <span class='ocrx_word' id='word_1_148' title='bbox 1224 2896 1288 2946; x_wconf 81' lang='grc' dir='ltr'><strong><em>δὲ</em></strong></span> <span class='ocrx_word' id='word_1_149' title='bbox 1327 2896 1407 2946; x_wconf 73' lang='grc' dir='ltr'>κεῖ</span> <span class='ocrx_word' id='word_1_150' title='bbox 1441 2914 1523 2954; x_wconf 85' lang='grc' dir='ltr'><strong><em>τις</em></strong></span> <span class='ocrx_word' id='word_1_151' title='bbox 1559 2895 1722 2954; x_wconf 80' lang='grc' dir='ltr'><strong><em>ἄλλος</em></strong></span> <span class='ocrx_word' id='word_1_152' title='bbox 1760 2896 1946 2960; x_wconf 81' lang='grc' dir='ltr'><strong><em>ἤλιτεν</em></strong></span> <span class='ocrx_word' id='word_1_153' title='bbox 1980 2900 2190 2964; x_wconf 79' lang='grc' dir='ltr'><strong><em>βροτῶν</em></strong></span> 
     </span>
     <span class='ocr_line' id='line_1_24' title="bbox 1068 2989 1916 3055; baseline -0.002 -16"><span class='ocrx_word' id='word_1_154' title='bbox 1068 2992 1100 3055; x_wconf 80' lang='grc' dir='ltr'><strong><em>ἢ</em></strong></span> <span class='ocrx_word' id='word_1_155' title='bbox 1141 2992 1273 3039; x_wconf 78' lang='grc' dir='ltr'><strong><em>θεὸν</em></strong></span> <span class='ocrx_word' id='word_1_156' title='bbox 1311 2994 1345 3055; x_wconf 82' lang='grc' dir='ltr'><strong><em>η</em></strong></span> <span class='ocrx_word' id='word_1_157' title='bbox 1380 2990 1527 3045; x_wconf 78' lang='grc' dir='ltr'><strong><em>ξένον</em></strong></span> <span class='ocrx_word' id='word_1_158' title='bbox 1566 2989 1665 3037; x_wconf 88' lang='grc' dir='ltr'><strong><em>τιν’</em></strong></span> <span class='ocrx_word' id='word_1_159' title='bbox 1703 2989 1916 3048; x_wconf 83' lang='grc' dir='ltr'><strong><em>ἀσεβῶν</em></strong></span> 
     </span>
    </p>

    <p class='ocr_par' dir='ltr' id='par_1_9' title="bbox 1070 3080 1562 3147">
     <span class='ocr_line' id='line_1_25' title="bbox 1070 3080 1562 3147; baseline 0 -16"><span class='ocrx_word' id='word_1_160' title='bbox 1070 3084 1102 3147; x_wconf 79' lang='grc' dir='ltr'>ἦ</span> <span class='ocrx_word' id='word_1_161' title='bbox 1141 3083 1325 3140; x_wconf 84' lang='grc' dir='ltr'><strong><em>τοκέας</em></strong></span> <span class='ocrx_word' id='word_1_162' title='bbox 1361 3080 1562 3140; x_wconf 75' lang='grc' dir='ltr'><strong><em>φίλους,</em></strong></span> 
     </span>
    </p>

    <p class='ocr_par' dir='ltr' id='par_1_10' title="bbox 1069 3171 2096 3242">
     <span class='ocr_line' id='line_1_26' title="bbox 1069 3171 2096 3242; baseline -0.005 -18"><span class='ocrx_word' id='word_1_163' title='bbox 1069 3174 1256 3242; x_wconf 71' lang='grc' dir='ltr'><strong><em>ἔχονθ’</em></strong></span> <span class='ocrx_word' id='word_1_164' title='bbox 1295 3171 1518 3223; x_wconf 71' lang='grc' dir='ltr'><strong><em>ἕκαστον</em></strong></span> <span class='ocrx_word' id='word_1_165' title='bbox 1552 3179 1652 3239; x_wconf 80' lang='grc' dir='ltr'><strong><em>τῆς</em></strong></span> <span class='ocrx_word' id='word_1_166' title='bbox 1690 3173 1848 3239; x_wconf 73' lang='grc' dir='ltr'><strong><em>δίκης</em></strong></span> <span class='ocrx_word' id='word_1_167' title='bbox 1884 3172 2096 3229; x_wconf 75' lang='grc' dir='ltr'><strong><em>ἐπάξια.</em></strong></span> 
     </span>
    </p>

    <p class='ocr_par' dir='ltr' id='par_1_11' title="bbox 664 3264 2943 3698">
     <span class='ocr_line' id='line_1_27' title="bbox 734 3264 2943 3329; baseline -0.001 -15"><span class='ocrx_word' id='word_1_168' title='bbox 734 3267 852 3317; x_wconf 89' lang='lat' dir='ltr'><strong><em>Hae</em></strong></span> <span class='ocrx_word' id='word_1_169' title='bbox 901 3267 1039 3317; x_wconf 89' lang='lat' dir='ltr'>enim</span> <span class='ocrx_word' id='word_1_170' title='bbox 1090 3272 1188 3317; x_wconf 78' lang='lat' dir='ltr'>tres</span> <span class='ocrx_word' id='word_1_171' title='bbox 1233 3268 1440 3317; x_wconf 83' lang='lat' dir='ltr'>virtutes</span> <span class='ocrx_word' id='word_1_172' title='bbox 1487 3266 1529 3315; x_wconf 88' lang='lat' dir='ltr'>si</span> <span class='ocrx_word' id='word_1_173' title='bbox 1560 3271 1693 3314; x_wconf 89' lang='lat' dir='ltr'>recte</span> <span class='ocrx_word' id='word_1_174' title='bbox 1728 3264 1973 3327; x_wconf 85' lang='lat' dir='ltr'>coluntur,</span> <span class='ocrx_word' id='word_1_175' title='bbox 2006 3264 2226 3329; x_wconf 83' lang='lat' dir='ltr'><strong><em>reliquae</em></strong></span> <span class='ocrx_word' id='word_1_176' title='bbox 2261 3280 2435 3313; x_wconf 88' lang='lat' dir='ltr'>omnes</span> <span class='ocrx_word' id='word_1_177' title='bbox 2472 3264 2671 3328; x_wconf 85' lang='lat' dir='ltr'>neglegi</span> <span class='ocrx_word' id='word_1_178' title='bbox 2706 3264 2943 3313; x_wconf 80' lang='lat' dir='ltr'>minime·</span> 
     </span>
     <span class='ocr_line' id='line_1_28' title="bbox 664 3354 2914 3421; baseline 0 -16"><span class='ocrx_word' id='word_1_179' title='bbox 664 3363 887 3421; x_wconf 79' lang='lat' dir='ltr'>possunt.</span> <span class='ocrx_word' id='word_1_180' title='bbox 923 3358 1091 3419; x_wconf 85' lang='lat' dir='ltr'>Quam</span> <span class='ocrx_word' id='word_1_181' title='bbox 1125 3358 1193 3406; x_wconf 93' lang='lat' dir='ltr'><strong><em>ob</em></strong></span> <span class='ocrx_word' id='word_1_182' title='bbox 1228 3373 1333 3406; x_wconf 89' lang='lat' dir='ltr'><strong><em>rem</em></strong></span> <span class='ocrx_word' id='word_1_183' title='bbox 1368 3358 1419 3405; x_wconf 87' lang='lat' dir='ltr'><strong><em>in</em></strong></span> <span class='ocrx_word' id='word_1_184' title='bbox 1438 3355 1601 3405; x_wconf 86' lang='lat' dir='ltr'>Sacris</span> <span class='ocrx_word' id='word_1_185' title='bbox 1626 3371 1828 3419; x_wconf 90' lang='lat' dir='ltr'>quoque</span> <span class='ocrx_word' id='word_1_186' title='bbox 1855 3354 2023 3403; x_wconf 86' lang='lat' dir='ltr'>Libris</span> <span class='ocrx_word' id='word_1_187' title='bbox 2044 3360 2151 3403; x_wconf 85' lang='lat' dir='ltr'>tota</span> <span class='ocrx_word' id='word_1_188' title='bbox 2168 3354 2321 3403; x_wconf 84' lang='lat' dir='ltr'>lexin</span> <span class='ocrx_word' id='word_1_189' title='bbox 2337 3354 2463 3403; x_wconf 88' lang='lat' dir='ltr'>haec</span> <span class='ocrx_word' id='word_1_190' title='bbox 2482 3355 2585 3403; x_wconf 91' lang='lat' dir='ltr'><strong><em>duo</em></strong></span> <span class='ocrx_word' id='word_1_191' title='bbox 2605 3356 2914 3405; x_wconf 86' lang='lat' dir='ltr'>contrahitur</span> 
     </span>
     <span class='ocr_line' id='line_1_29' title="bbox 665 3445 2913 3514; baseline 0 -17"><span class='ocrx_word' id='word_1_192' title='bbox 665 3450 787 3499; x_wconf 88' lang='lat' dir='ltr'>Luc.</span> <span class='ocrx_word' id='word_1_193' title='bbox 838 3450 903 3511; x_wconf 91' lang='lat' dir='ltr'><strong><em>X,</em></strong></span> <span class='ocrx_word' id='word_1_194' title='bbox 939 3460 1033 3512; x_wconf 64' lang='lat'><strong><em>273</em></strong></span> <span class='ocrx_word' id='word_1_195' title='bbox 1083 3449 1409 3514; x_wconf 83' lang='grc' dir='ltr'><strong><em>Ἀγαπήσεις</em></strong></span> <span class='ocrx_word' id='word_1_196' title='bbox 1456 3448 1660 3514; x_wconf 80' lang='grc' dir='ltr'><strong><em>Κύριον</em></strong></span> <span class='ocrx_word' id='word_1_197' title='bbox 1704 3450 1799 3495; x_wconf 87' lang='grc' dir='ltr'><strong><em>τὸν</em></strong></span> <span class='ocrx_word' id='word_1_198' title='bbox 1842 3445 1979 3495; x_wconf 86' lang='grc' dir='ltr'><strong><em>Θεόν</em></strong></span> <span class='ocrx_word' id='word_1_199' title='bbox 2018 3461 2108 3495; x_wconf 85' lang='grc' dir='ltr'><strong><em>σου</em></strong></span> <span class='ocrx_word' id='word_1_200' title='bbox 2146 3447 2197 3502; x_wconf 76' lang='grc' dir='ltr'><strong><em>ἐξ</em></strong></span> <span class='ocrx_word' id='word_1_201' title='bbox 2233 3446 2359 3513; x_wconf 80' lang='grc' dir='ltr'><strong><em>ὅλης</em></strong></span> <span class='ocrx_word' id='word_1_202' title='bbox 2396 3453 2495 3511; x_wconf 87' lang='grc' dir='ltr'><strong><em>τῆς</em></strong></span> <span class='ocrx_word' id='word_1_203' title='bbox 2532 3447 2763 3513; x_wconf 78' lang='grc' dir='ltr'><strong><em>καρδίας</em></strong></span> <span class='ocrx_word' id='word_1_204' title='bbox 2801 3463 2913 3507; x_wconf 79' lang='grc' dir='ltr'><strong><em>σου,</em></strong></span> 
     </span>
     <span class='ocr_line' id='line_1_30' title="bbox 665 3538 2913 3607; baseline 0 -19"><span class='ocrx_word' id='word_1_205' title='bbox 665 3544 753 3590; x_wconf 78' lang='grc' dir='ltr'><strong><em>καὶ</em></strong></span> <span class='ocrx_word' id='word_1_206' title='bbox 805 3542 858 3595; x_wconf 73' lang='grc' dir='ltr'><strong><em>ἐξ</em></strong></span> <span class='ocrx_word' id='word_1_207' title='bbox 905 3540 1032 3607; x_wconf 85' lang='grc' dir='ltr'><strong><em>ὅλης</em></strong></span> <span class='ocrx_word' id='word_1_208' title='bbox 1080 3547 1180 3607; x_wconf 83' lang='grc' dir='ltr'><strong><em>τῆς</em></strong></span> <span class='ocrx_word' id='word_1_209' title='bbox 1235 3546 1412 3607; x_wconf 80' lang='grc' dir='ltr'><strong><em>ψυχῆς</em></strong></span> <span class='ocrx_word' id='word_1_210' title='bbox 1463 3554 1570 3604; x_wconf 77' lang='grc' dir='ltr'><strong><em>σου,</em></strong></span> <span class='ocrx_word' id='word_1_211' title='bbox 1625 3542 1713 3587; x_wconf 81' lang='grc' dir='ltr'><strong><em>καὶ</em></strong></span> <span class='ocrx_word' id='word_1_212' title='bbox 1765 3539 1817 3594; x_wconf 74' lang='grc' dir='ltr'><strong><em>ἐξ</em></strong></span> <span class='ocrx_word' id='word_1_213' title='bbox 1866 3538 1994 3605; x_wconf 89' lang='grc' dir='ltr'><strong><em>ὅλης</em></strong></span> <span class='ocrx_word' id='word_1_214' title='bbox 2042 3543 2141 3603; x_wconf 84' lang='grc' dir='ltr'><strong><em>τῆς</em></strong></span> <span class='ocrx_word' id='word_1_215' title='bbox 2189 3539 2369 3605; x_wconf 78' lang='grc' dir='ltr'><strong><em>ἰσχύος</em></strong></span> <span class='ocrx_word' id='word_1_216' title='bbox 2420 3553 2526 3598; x_wconf 80' lang='grc' dir='ltr'><strong><em>σου,</em></strong></span> <span class='ocrx_word' id='word_1_217' title='bbox 2574 3542 2661 3588; x_wconf 78' lang='grc' dir='ltr'><strong><em>καὶ</em></strong></span> <span class='ocrx_word' id='word_1_218' title='bbox 2696 3540 2749 3594; x_wconf 73' lang='grc' dir='ltr'><strong><em>ἐξ</em></strong></span> <span class='ocrx_word' id='word_1_219' title='bbox 2785 3539 2913 3606; x_wconf 88' lang='grc' dir='ltr'><strong><em>ὅλης</em></strong></span> 
     </span>
     <span class='ocr_line' id='line_1_31' title="bbox 666 3629 2217 3698; baseline -0.001 -18"><span class='ocrx_word' id='word_1_220' title='bbox 666 3638 762 3697; x_wconf 79' lang='grc' dir='ltr'><strong><em>τῆς</em></strong></span> <span class='ocrx_word' id='word_1_221' title='bbox 799 3631 1045 3690; x_wconf 73' lang='grc' dir='ltr'><strong><em>διανοίας</em></strong></span> <span class='ocrx_word' id='word_1_222' title='bbox 1081 3646 1187 3682; x_wconf 86' lang='grc' dir='ltr'><strong><em>σου·</em></strong></span> <span class='ocrx_word' id='word_1_223' title='bbox 1225 3635 1314 3681; x_wconf 79' lang='grc' dir='ltr'><strong><em>καὶ</em></strong></span> <span class='ocrx_word' id='word_1_224' title='bbox 1349 3634 1440 3681; x_wconf 88' lang='grc' dir='ltr'><strong><em>τὸν</em></strong></span> <span class='ocrx_word' id='word_1_225' title='bbox 1478 3631 1705 3698; x_wconf 78' lang='grc' dir='ltr'><strong><em>πλησίον</em></strong></span> <span class='ocrx_word' id='word_1_226' title='bbox 1744 3646 1835 3681; x_wconf 82' lang='grc' dir='ltr'><strong><em>σου</em></strong></span> <span class='ocrx_word' id='word_1_227' title='bbox 1870 3629 1936 3689; x_wconf 85' lang='grc' dir='ltr'><strong><em>ὡς</em></strong></span> <span class='ocrx_word' id='word_1_228' title='bbox 1975 3630 2217 3681; x_wconf 82' lang='grc' dir='ltr'><strong><em>σεαυτόν.</em></strong></span> 
     </span>
    </p>

    <p class='ocr_par' dir='ltr' id='par_1_12' title="bbox 731 3723 1287 3788">
     <span class='ocr_line' id='line_1_32' title="bbox 731 3723 1287 3788; baseline 0 -16"><span class='ocrx_word' id='word_1_229' title='bbox 731 3724 780 3788; x_wconf 90' lang='lat'><strong><em>2)</em></strong></span> <span class='ocrx_word' id='word_1_230' title='bbox 822 3723 956 3788; x_wconf 84' lang='lat' dir='ltr'><strong><em>Sept.</em></strong></span> <span class='ocrx_word' id='word_1_231' title='bbox 992 3723 1287 3788; x_wconf 82' lang='lat'><strong>563—569:</strong></span> 
     </span>
    </p>

    <p class='ocr_par' dir='ltr' id='par_1_13' title="bbox 729 3802 2609 4520">
     <span class='ocr_line' id='line_1_33' title="bbox 931 3802 2013 3883; baseline 0.002 -21"><span class='ocrx_word' id='word_1_232' title='bbox 931 3802 966 3879; x_wconf 74' lang='grc' dir='ltr'><strong><em>ἦ</em></strong></span> <span class='ocrx_word' id='word_1_233' title='bbox 999 3823 1141 3863; x_wconf 74' lang='grc' dir='ltr'><strong><em>τοῖον</em></strong></span> <span class='ocrx_word' id='word_1_234' title='bbox 1179 3814 1335 3883; x_wconf 64' lang='grc' dir='ltr'><strong><em>ἔργον</em></strong></span> <span class='ocrx_word' id='word_1_235' title='bbox 1371 3818 1458 3864; x_wconf 83' lang='grc' dir='ltr'><strong><em>καὶ</em></strong></span> <span class='ocrx_word' id='word_1_236' title='bbox 1497 3816 1674 3864; x_wconf 71' lang='grc' dir='ltr'><strong><em>θεοῖσι</em></strong></span> <span class='ocrx_word' id='word_1_237' title='bbox 1705 3814 2013 3882; x_wconf 74' lang='grc' dir='ltr'><strong><em>προσφιλές,</em></strong></span> 
     </span>
     <span class='ocr_line' id='line_1_34' title="bbox 930 3905 2192 3973; baseline -0.002 -18"><span class='ocrx_word' id='word_1_238' title='bbox 930 3905 1096 3956; x_wconf 81' lang='grc' dir='ltr'><strong><em>καλόν</em></strong></span> <span class='ocrx_word' id='word_1_239' title='bbox 1130 3908 1179 3954; x_wconf 88' lang='grc' dir='ltr'><strong><em>τ’</em></strong></span> <span class='ocrx_word' id='word_1_240' title='bbox 1215 3906 1437 3955; x_wconf 83' lang='grc' dir='ltr'><strong><em>ἀκοῦσαι</em></strong></span> <span class='ocrx_word' id='word_1_241' title='bbox 1473 3908 1561 3955; x_wconf 77' lang='grc' dir='ltr'><strong><em>καὶ</em></strong></span> <span class='ocrx_word' id='word_1_242' title='bbox 1597 3905 1778 3970; x_wconf 83' lang='grc' dir='ltr'><strong><em>λέγειν</em></strong></span> <span class='ocrx_word' id='word_1_243' title='bbox 1812 3907 2192 3973; x_wconf 71' lang='grc' dir='ltr'><strong><em>μεθυστέροις,</em></strong></span> 
     </span>
     <span class='ocr_line' id='line_1_35' title="bbox 927 3998 2149 4066; baseline 0.001 -20"><span class='ocrx_word' id='word_1_244' title='bbox 927 3998 1088 4048; x_wconf 86' lang='grc' dir='ltr'><strong><em>πόλιν</em></strong></span> <span class='ocrx_word' id='word_1_245' title='bbox 1123 3998 1382 4066; x_wconf 82' lang='grc' dir='ltr'><strong><em>πατρῴαν</em></strong></span> <span class='ocrx_word' id='word_1_246' title='bbox 1419 4000 1506 4047; x_wconf 76' lang='grc' dir='ltr'><strong><em>καὶ</em></strong></span> <span class='ocrx_word' id='word_1_247' title='bbox 1545 3999 1709 4055; x_wconf 78' lang='grc' dir='ltr'><strong><em>θεοὺς</em></strong></span> <span class='ocrx_word' id='word_1_248' title='bbox 1747 4000 1871 4056; x_wconf 87' lang='grc' dir='ltr'><strong><em>τούς</em></strong></span> <span class='ocrx_word' id='word_1_249' title='bbox 1908 4000 2149 4063; x_wconf 75' lang='grc' dir='ltr'><strong><em>ἐγγενεῖς</em></strong></span> 
     </span>
     <span class='ocr_line' id='line_1_36' title="bbox 927 4088 2247 4157; baseline -0.001 -19"><span class='ocrx_word' id='word_1_250' title='bbox 927 4091 1184 4157; x_wconf 74' lang='grc' dir='ltr'><strong><em>πορθεῖν,</em></strong></span> <span class='ocrx_word' id='word_1_251' title='bbox 1221 4089 1509 4156; x_wconf 81' lang='grc' dir='ltr'><strong><em>στράτευμ’</em></strong></span> <span class='ocrx_word' id='word_1_252' title='bbox 1548 4091 1783 4139; x_wconf 72' lang='grc' dir='ltr'><strong><em>ἐπακτὸν</em></strong></span> <span class='ocrx_word' id='word_1_253' title='bbox 1820 4088 2247 4156; x_wconf 61' lang='grc' dir='ltr'><strong><em>ἐμβεβληκότας</em></strong></span> 
     </span>
     <span class='ocr_line' id='line_1_37' title="bbox 927 4181 2609 4249; baseline 0.001 -19"><span class='ocrx_word' id='word_1_254' title='bbox 927 4182 1130 4249; x_wconf 90' lang='grc' dir='ltr'><strong><em>μητρός</em></strong></span> <span class='ocrx_word' id='word_1_255' title='bbox 1163 4182 1216 4246; x_wconf 87' lang='lat' dir='ltr'><strong><em>(i.</em></strong></span> <span class='ocrx_word' id='word_1_256' title='bbox 1251 4198 1296 4232; x_wconf 88' lang='lat' dir='ltr'><strong><em>e.</em></strong></span> <span class='ocrx_word' id='word_1_257' title='bbox 1331 4181 1620 4249; x_wconf 70' lang='grc' dir='ltr'><strong><em>πατρίδος)</em></strong></span> <span class='ocrx_word' id='word_1_258' title='bbox 1655 4199 1714 4231; x_wconf 89' lang='grc' dir='ltr'><strong><em>τε</em></strong></span> <span class='ocrx_word' id='word_1_259' title='bbox 1753 4186 1941 4248; x_wconf 82' lang='grc' dir='ltr'><strong><em>πηγὴν</em></strong></span> <span class='ocrx_word' id='word_1_260' title='bbox 1976 4185 2060 4239; x_wconf 75' lang='grc' dir='ltr'><strong><em>τίς</em></strong></span> <span class='ocrx_word' id='word_1_261' title='bbox 2096 4184 2425 4243; x_wconf 78' lang='grc' dir='ltr'><strong><em>κατασβέσει</em></strong></span> <span class='ocrx_word' id='word_1_262' title='bbox 2461 4181 2609 4249; x_wconf 89' lang='grc' dir='ltr'><strong><em>δι’κη,</em></strong></span> 
     </span>
     <span class='ocr_line' id='line_1_38' title="bbox 929 4273 2115 4341; baseline 0.002 -20"><span class='ocrx_word' id='word_1_263' title='bbox 929 4276 1129 4341; x_wconf 79' lang='grc' dir='ltr'><strong><em>πατρὶς</em></strong></span> <span class='ocrx_word' id='word_1_264' title='bbox 1167 4273 1228 4324; x_wconf 79' lang='grc' dir='ltr'><strong><em>δὲ</em></strong></span> <span class='ocrx_word' id='word_1_265' title='bbox 1270 4283 1401 4340; x_wconf 78' lang='grc' dir='ltr'><strong><em>γαῖα</em></strong></span> <span class='ocrx_word' id='word_1_266' title='bbox 1441 4279 1536 4339; x_wconf 82' lang='grc' dir='ltr'><strong><em>σῆς</em></strong></span> <span class='ocrx_word' id='word_1_267' title='bbox 1574 4275 1676 4325; x_wconf 78' lang='grc' dir='ltr'><strong><em>ὑπὸ</em></strong></span> <span class='ocrx_word' id='word_1_268' title='bbox 1714 4274 1960 4339; x_wconf 78' lang='grc' dir='ltr'><strong><em>σπουδῆς</em></strong></span> <span class='ocrx_word' id='word_1_269' title='bbox 1996 4273 2115 4341; x_wconf 76' lang='grc' dir='ltr'><strong><em>δορὶ</em></strong></span> 
     </span>
     <span class='ocr_line' id='line_1_39' title="bbox 927 4363 2045 4431; baseline 0.001 -19"><span class='ocrx_word' id='word_1_270' title='bbox 927 4363 1128 4414; x_wconf 66' lang='grc' dir='ltr'><strong><em>ἁλοῦσα</em></strong></span> <span class='ocrx_word' id='word_1_271' title='bbox 1165 4369 1274 4423; x_wconf 85' lang='grc' dir='ltr'><strong><em>πῶς</em></strong></span> <span class='ocrx_word' id='word_1_272' title='bbox 1311 4380 1388 4414; x_wconf 89' lang='grc' dir='ltr'><strong><em>σοι</em></strong></span> <span class='ocrx_word' id='word_1_273' title='bbox 1421 4366 1692 4431; x_wconf 73' lang='grc' dir='ltr'><strong><em>ξύμμαχος</em></strong></span> <span class='ocrx_word' id='word_1_274' title='bbox 1730 4368 2045 4431; x_wconf 76' lang='grc' dir='ltr'><strong><em>γενήθεται,·</em></strong></span> 
     </span>
     <span class='ocr_line' id='line_1_40' title="bbox 729 4454 1385 4520; baseline 0.009 -20"><span class='ocrx_word' id='word_1_275' title='bbox 729 4454 830 4504; x_wconf 85' lang='lat' dir='ltr'><strong>Csr.</strong></span> <span class='ocrx_word' id='word_1_276' title='bbox 866 4454 998 4520; x_wconf 67' lang='grc' dir='ltr'><strong><em>δεμ.</em></strong></span> <span class='ocrx_word' id='word_1_277' title='bbox 1041 4468 1385 4519; x_wconf 86' lang='lat'>1030—1034.</span> 
     </span>
    </p>
   </div>
  </div>
 </body>
</html>
