3442 4975
1759 386 1837 455 16

668 577 903 640 deinde
973 597 1126 640 eum
1197 576 1637 657 nihilominuS‚
1705 580 1771 643 vi
1842 580 2127 643 veritatis
2195 586 2519 657 coactum,
2582 581 2787 644 multa
2835 583 2919 644 de

670 690 791 754 diis
841 692 1164 773 recepisse
1209 702 1322 756 aut
1368 676 1741 756 confessum
1788 713 1951 771 esse,
2000 713 2167 776 quae
2214 694 2276 755 in
2322 694 2538 756 solum
2574 694 2915 759 monothe-

668 806 910 869 ismum
958 807 1298 889 quadrent.

758 1034 809 1099 I.
917 1033 1454 1118 AeschyluS,
1544 1035 1797 1099 verbo
1881 1035 2215 1118 quidem
2286 1045 2565 1112 tenuS,
2637 1037 2925 1119 plures

666 1149 873 1212 deos
963 1169 1151 1213 esse
1243 1150 1638 1214 credidit.
1729 1186 1815 1197 -—
1915 1150 2205 1214 Primum
2299 1172 2646 1214 monemus
2718 1152 2921 1235 (adhi-

667 1263 803 1327 bita
871 1263 1442 1345 argumentatione
1511 1285 1554 1325 a
1611 1262 1837 1345 priori,
1909 1284 2107 1346 quam
2177 1265 2438 1347 vocant)
2506 1263 2921 1345 Aeschylum

668 1396 801 1439 non
893 1377 1188 1460 potuisse
1278 1398 1410 1439 non
1503 1376 1825 1441 cultorem
1923 1378 2122 1441 fuisse
2191 1378 2551 1440 multorum
2622 1377 2921 1455 deorum,

669 1491 914 1573 quippe
992 1493 1102 1574 qui
1173 1490 1445 1555 haberet
1512 1491 1935 1577 theogoniam
2004 1490 2169 1575 (ipse
2240 1492 2397 1563 Ζεύς
2466 1501 2649 1555 ortus
2696 1501 2796 1555 est
2839 1493 2923 1554 ab

667 1605 841 1683 alio).
943 1604 1143 1687 Quod
1215 1606 1368 1668 inde
1437 1604 1652 1683 fiebat,
1715 1607 1894 1689 quod
1944 1605 2149 1669 homo
2197 1605 2486 1674 Graecus
2532 1626 2664 1671 non
2711 1626 2917 1688 capax

634 1717 808 1782 'erat
884 1720 1189 1797 notioniS‚
1262 1740 1462 1801 quam
1533 1718 1828 1801 theologi
1891 1720 2217 1803 appellant
2278 1718 2647 1781 αὐτουσίαν.
2744 1719 2919 1781 Nam

666 1832 890 1910 home,
943 1834 1062 1915 qui
1111 1854 1150 1895 a
1197 1854 1355 1897 vero
1402 1834 1528 1895 deo
1577 1835 1848 1916 eiusque
1895 1835 2119 1897 notitia
2163 1815 2561 1897 abalienatus
2607 1842 2725 1908 est,
2751 1853 2918 1896 nova

670 1948 1068 2012 revelatione
1139 1947 1348 2030 (venia
1417 1950 1501 2011 sit
1569 1947 1795 2030 verbo)
1866 1956 2038 2031 eget,
2104 1957 2176 2011 ut
2221 1970 2332 2011 eas
2380 1949 2506 2011 Dei
2554 1947 2916 2030 qualitates,

672 2083 953 2144 quarum
1007 2072 1239 2126 natura
1286 2061 1573 2128 humana
1619 2070 1716 2125 est
1762 2082 2018 2145 experS,
2068 2071 2445 2145 cognoscat,
2492 2063 2734 2145 quippe
2781 2061 2914 2143 qui,

666 2178 889 2242 divino
940 2178 1236 2260 impulsu
1287 2188 1575 2247 coactus,
1627 2177 1749 2240 sibi
1796 2178 2107 2242 amissam
2156 2178 2283 2241 Dei
2331 2178 2684 2259 imaginem
2732 2175 2911 2238 resti-

663 2300 847 2354 tuere
926 2300 1220 2367 conetur‚
1293 2290 1419 2353 hoc
1490 2301 1712 2355 tamen
1781 2292 1867 2353 ita
1937 2291 2150 2367 faciat,
2225 2301 2295 2353 ut
2362 2311 2549 2353 suam
2620 2298 2914 2353 naturam

665 2404 1025 2468 humanam
1099 2406 1161 2467 in
1235 2406 1362 2467 Dei
1435 2406 1652 2469 locum
1715 2403 2088 2469 substituat.
2183 2404 2279 2469 Ut
2325 2404 2526 2486 igitur
2570 2402 2772 2467 homo
2819 2412 2918 2465 est

664 2529 876 2597 natuS,
943 2520 982 2583 i.
1030 2540 1085 2581 e.
1147 2520 1536 2601 principium
1585 2527 1838 2582 certum
1886 2516 2132 2596 habuit,
2181 2519 2272 2580 sic
2321 2519 2518 2580 deum
2566 2517 2686 2582 sibi
2735 2516 2917 2580 finxit

659 2643 910 2711 natum,
981 2654 1136 2696 cum
1199 2643 1418 2696 autem
1473 2633 1670 2695 deum
1720 2653 1805 2698 ex
1857 2633 1982 2696 deo
2030 2634 2182 2696 oriri
2231 2652 2497 2697 necesse
2542 2639 2734 2708 esset,
2786 2651 2915 2694 non

658 2748 873 2829 potuit
966 2766 1095 2808 non
1187 2747 1387 2828 longa
1477 2747 1676 2835 series
1763 2747 2038 2811 deorum
2124 2747 2527 2828 dearumque
2590 2747 2911 2831 existere.

660 2863 864 2923 Porro
931 2861 1084 2922 inde
1146 2869 1326 2942 patet
1371 2861 1963 2944 (argumentatione
2008 2885 2051 2924 a
2084 2861 2465 2946 posteriorz)
2498 2859 2911 2942 Aeschylum

659 2975 902 3038 multos
968 2995 1107 3037 esse
1153 2975 1316 3044 deos
1364 2974 1739 3052 credidisse,
1788 2976 1965 3056 quod
2017 2975 2260 3056 ubique
2306 2983 2371 3038 et
2417 2977 2481 3037 in
2529 2974 2805 3055 dialogis
2850 2980 2915 3034 et

656 3093 718 3154 in
805 3089 1017 3153 choris
1104 3089 1187 3152 de
1271 3087 1393 3154 dizls
1475 3088 1706 3171 plurali
1778 3109 2053 3153 numero
2124 3110 2339 3154 sermo
2410 3099 2528 3166 est,
2601 3089 2912 3170 quodque

657 3205 950 3288 Iuppiter
1019 3205 1155 3285 ipse
1225 3203 1551 3267 interdum
1628 3201 1840 3283 τρίτος
1914 3204 2167 3282 dicitur,
2216 3204 2517 3286 quamvis
2561 3201 2724 3266 haec
2771 3203 2911 3284 ipsa

657 3341 759 3382 res
832 3319 1004 3383 Iovis
1079 3317 1628 3400 magnificentiam
1689 3317 1931 3381 indicet
1992 3317 2098 3400 (de
2146 3317 2273 3379 hoc
2321 3317 2716 3401 cognomine
2761 3316 2911 3379 vide

654 3434 833 3510 infra,
897 3455 960 3515 p.
1014 3433 1145 3515 30).
1239 3432 1538 3508 Accedit,
1589 3432 1768 3514 quod
1818 3430 2217 3515 AeschyluS,
2271 3432 2377 3494 ubi
2427 3431 2777 3497 sententias
2828 3430 2910 3491 de

655 3547 870 3610 divina
987 3556 1213 3609 natura
1289 3546 1557 3627 profert,
1638 3567 1851 3628 neque
1948 3546 2031 3608 de
2124 3555 2301 3610 certo
2394 3547 2685 3628 quodam
2781 3544 2908 3607 deo

656 3662 831 3737 dicit,
880 3659 1064 3723 facile
1111 3680 1220 3722 eas
1268 3659 1350 3722 ad
1400 3662 1558 3719 θεὸν
1609 3660 1947 3742 (singulari
1994 3665 2291 3740 numero)
2318 3657 2641 3748 applicare
2663 3662 2910 3743 potuis-

655 3782 773 3850 set,
843 3773 1025 3856 quod
1096 3771 1269 3836 haud
1343 3793 1603 3856 semper
1672 3773 1825 3837 fecit
1895 3773 2036 3856 (cfr.
2096 3774 2264 3839 Pers,
2331 3792 2480 3858 291,
2530 3774 2695 3856 Sept.
2747 3790 2899 3853 702,

651 3888 892 3967 Agam.
944 3888 1092 3969 356,
1141 3905 1296 3968 911,
1345 3887 1637 3970 passim).

749 4000 939 4083 Quae
1003 4010 1222 4065 tamen
1272 4022 1404 4064 non
1450 4002 1541 4062 sic
1589 4000 1878 4082 intellegi
1926 4002 2101 4079 vole,
2152 4005 2335 4085 quasi
2384 4021 2635 4080 omneS,
2682 4003 2792 4086 qui
2842 4003 2904 4064 in

656 4115 974 4198 Aeschyli
1045 4114 1277 4180 fabulis
1350 4115 1436 4178 dii
1507 4116 1918 4198 appellantur
1977 4126 2094 4179 aut
2137 4126 2449 4200 tanquam
2498 4119 2581 4179 dii
2630 4126 2906 4181 tractan-

650 4238 757 4293 tur
847 4238 912 4292 et
1004 4230 1454 4312 implorantur,
1545 4251 1583 4293 a
1665 4236 1860 4312 poeta
1946 4251 2167 4294 revera
2238 4233 2325 4294 dii
2396 4231 2599 4295 habiti
2672 4238 2903 4294 essent.

654 4342 971 4405 Videmus
1040 4346 1232 4418 enim,
1303 4344 1484 4426 quod
1532 4344 1614 4406 ad
1665 4343 2209 4425 implorationem,
2256 4346 2432 4428 apud
2481 4345 2895 4426 Aeschylum

655 4477 756 4519 res
803 4459 998 4520 etiam
1044 4459 1418 4540 suppliciter
1465 4460 1773 4536 invocari,
1825 4469 1895 4521 ut
1937 4458 2147 4521 From.
2201 4461 2495 4541 88—95:
