3442 4975
1684 403 1771 465 94

600 573 990 638 Tenendum
1064 579 1286 636 tamen
1359 572 1680 634 memoria
1751 581 1849 634 est
1915 577 2181 652 poetam
2251 571 2313 632 in
2382 570 2731 654 tragoediis
2780 571 2863 632 de

601 686 706 750 his
753 685 948 750 rebus
996 705 1127 749 non
1177 684 1499 748 subtiliter
1549 684 1885 767 disputare
1929 685 2251 767 potuisse,
2301 706 2513 768 neque
2558 707 2667 750 eas
2691 685 2863 748 clare

603 800 1039 882 perspexisse,
1103 808 1174 861 ut
1220 799 1361 881 ipse
1407 797 1532 860 illis
1582 797 1759 869 ὅστις
1806 795 1956 858 ποτ’
2006 797 2178 860 ἐστὶν
2204 776 2557 862 'indicavit
2626 799 2863 880 Neque

607 915 782 978 enim
851 912 1298 996 intellegentia
1365 910 1674 975 humana
1727 911 1984 988 sufficit,
2060 921 2127 974 ut
2194 913 2335 993 ipsa
2395 932 2512 994 per
2570 932 2640 974 se
2700 911 2863 975 tales

605 1027 860 1092 divinas
931 1046 1033 1090 res
1104 1026 1276 1089 clare
1347 1026 1779 1108 distincteque
1848 1025 2187 1108 percipiat,
2251 1045 2403 1088 nam
2466 1025 2669 1092 multa
2714 1033 2865 1107 post

609 1139 1021 1224 Aeschylum
1069 1139 1332 1204 saecula
1379 1140 1505 1202 iam
1539 1140 2032 1221 praeterierunt,
2060 1138 2175 1200 sed
2202 1141 2423 1201 omnia
2447 1139 2554 1201 illa
2578 1139 2863 1213 nomina,

611 1275 782 1338 quae
851 1254 1112 1320 inventa
1184 1261 1356 1330 sunt,
1428 1262 1499 1316 ut
1545 1254 1763 1316 variae
1812 1252 2157 1315 hominum
2206 1252 2287 1314 de
2334 1252 2459 1314 deo
2509 1252 2866 1315 sententiae

612 1369 1074 1444 indicarentur,
1137 1365 1376 1432 horum
1425 1366 1839 1433 saeculorum
1890 1387 2233 1430 numerum
2283 1367 2418 1429 sere
2462 1366 2867 1448 adaequant!

705 1523 1113 1606 Iam'restat,
1178 1538 1249 1592 ut
1297 1528 1379 1591 de
1430 1528 1705 1591 deorum
1756 1529 2241 1592 immortalitate
2288 1528 2603 1591 dicamus.
2678 1527 2869 1610 Quae

614 1643 964 1726 Aeschylo
1033 1644 1255 1724 magni
1328 1645 1644 1705 momenti
1717 1664 1861 1706 esse
1930 1643 2176 1720 debuit,
2247 1664 2398 1706 nam
2462 1664 2539 1706 ea
2599 1645 2738 1725 ipsa
2783 1664 2870 1705 ex

613 1767 801 1841 parte
845 1756 934 1820 dii
982 1755 1347 1840 Aeschylei
1397 1758 1683 1819 maxime
1730 1757 1814 1820 ab
1860 1755 2239 1820 hominibus
2265 1757 2523 1819 differre
2547 1757 2869 1832 videntur,

618 1870 801 1954 quod
870 1869 963 1935 illi
1045 1877 1230 1932 erant
1298 1869 1722 1944 immortaleS,
1810 1889 2009 1951 quarn
2083 1868 2170 1931 ob
2256 1890 2393 1932 rem
2462 1870 2871 1952 appellantur

621 1981 899 2068 δαρόβιοι
949 1982 1147 2066 (Sept.
1201 1983 1374 2064 507),
1431 1983 1733 2065 ἄμβροτοι
1784 1982 1994 2064 (Eum.
2048 1985 2221 2064 255),
2276 1984 2606 2043 ἀθάνατοι
2659 1983 2869 2065 (Eum.

624 2116 772 2182 340,
843 2097 1036 2180 931);
1109 2096 1176 2159 hi
1246 2106 1468 2160 autern
1538 2097 1867 2173 mortaleS,
1940 2097 2123 2178 quod
2190 2097 2564 2179 Aeschylus
2632 2098 2874 2160 indicat

616 2213 909 2290 vocibuS,
978 2231 1146 2295 quae
1215 2221 1368 2273 sunt
1434 2211 1668 2294 βροτοί,
1735 2211 1965 2291 θνητοὶ
2029 2211 2333 2294 (utraque
2396 2231 2526 2274 vox
2574 2211 2871 2293 passim),

621 2329 908 2408 ἐφήμεροι
981 2326 1213 2408 (From.
1266 2327 1370 2405 83,
1419 2324 1570 2414 256,
1619 2334 1774 2406 94²4,
1841 2323 2144 2405 ἐφημέριοι
2193 2325 2403 2386 Prom.
2460 2300 2629 2406 543).
2702 2305 2873 2387 Cum

621 2442 822 2525 igitur
869 2439 1144 2503 deorum
1192 2438 1648 2503 immortalitas
1697 2440 1915 2515 morti,
1965 2441 2078 2502 cui·
2117 2435 2738 2521 genus'humanum
2774 2446 2876 2502 est

619 2554 1006 2629 obnoxium,
1078 2562 1470 2634 opponatur,
1541 2553 1829 2634 primum
1904 2553 2263 2628 videamuS,
2336 2574 2537 2636 quain
2600 2552 2871 2616 obrem

620 2666 918 2729 homines
969 2665 1278 2728 mortales
1327 2674 1664 2728 vocentur.

716 2780 819 2845 De
887 2800 1172 2863 quorum
1234 2779 1619 2861 corporibus
1667 2776 1827 2840 nihil
1876 2764 2043 2861 opus
2089 2789 2186 2863 est
2234 2780 2469 2856 dicere,
2517 2799 2667 2841 nam
2716 2780 2874 2861 quid

622 2896 862 2962 certius
909 2902 1006 2957 est
1052 2901 1166 2955 aut
1211 2892 1347 2968 suit,
1397 2887 1597 2975 quam
1646 2912 1926 2985 corpora
1972 2891 2259 2955 humana
2290 2892 2391 2954 ⁴ad
2424 2912 2627 2955 unum
2653 2893 2895 2965 omnia,

623 3010 815 3077 morti
862 3007 1156 3071 obnoxia
1202 3007 1378 3070 esse!
1429 3002 1627 3087 Quod
1662 2996 2044 3087 Aeschylus
2070 3005 2506 3089 pulcherrime
2532 3005 2633 3068 his
2659 2987 2875 3070 verbis

625 3122 1014 3207 significavit
1061 3120 1321 3204 (fragm.
1380 3121 1493 3183 161
1548 3142 1634 3183 ex
1682 3121 1913 3197 Nioba,
1964 3142 2027 3203 p.
2082 3134 2157 3201 53
2210 3122 2367 3183 edit.
2418 3120 2716 3201 Nauck):

980 3237 1167 3313 μόνος
1215 3237 1385 3297 θεων
1433 3235 1552 3314 γὰρ
1600 3237 1889 3305 θάνατος
1935 3230 2008 3293 οὐ
2057 3215 2271 3314 δώρων
2321 3233 2451 3314 ἐρᾷ,

981 3344 1114 3409 οὐδ’
1164 3348 1245 3411 ἄν
1296 3369 1356 3406 τι
1405 3350 1588 3410 θύων
1637 3320 1772 3408 οὐδ’
1824 3343 2219 3409 ἐπισπένδων
2266 3348 2460 3421 ἄνοις,

984 3457 1119 3523 οὐδ’
1171 3458 1305 3519 ἔστι
1354 3460 1561 3543 βωμὸς
1608 3458 1753 3521 οὐδὲ
1802 3458 2239 3532 παιωνίζεται·

984 3576 1179 3653 μόνου·
1227 3570 1292 3635 δὲ
1343 3571 1576 3633 Πειθὼ
1607 3567 1938 3652 ’δαιμόνων
1986 3573 2364 3633 ἀποστατεῖ.
2417 3574 2472 3654 1)

719 3686 923 3748 Addo
970 3694 1226 3749 tantum
1273 3684 1442 3747 hanc
1489 3686 1689 3749 vitam
1716 3688 2059 3749 mortalem
2086 3685 2587 3767 Aeschylo'tam
2615 3686 2879 3749 brevem

629 3818 705 3861 ac
767 3817 974 3878 paene
1023 3796 1270 3860 nullam
1317 3817 1480 3872 esse,
1545 3806 1616 3859 ut
1662 3818 1807 3860 eam
1855 3807 2192 3882 comparet
2238 3819 2389 3861 curn
2443 3785 2669 3862 umbra
2717 3798 2877 3862 fumi

631 3911 736 3995 (fr.
790 3928 918 3992 399
965 3911 1140 3993 apud
1189 3910 1486 3994 Nauck):

948 4025 1021 4085 τὸ
1065 4028 1186 4107 γὰρ
1233 4026 1512 4109 βρότειον
1562 4024 1791 4108 σπέρμ’
1841 4027 1911 4105 ἐφ
1963 4024 2189 4109 ἡμέραν
2236 4032 2465 4108 φρονεῖ,

944 4142 1052 4200 καὶ
1093 4142 1332 4205 ’πιστὸν
1376 4139 1556 4205 οὐδὲν
1603 4139 1847 4221 μᾶλλον
1897 4146 1936 4221 η’
1982 4148 2231 4205 καπνοῦ
2280 4142 2427 4201 σκίά

704 4274 748 4341 1)
785 4241 888 4328 Csr.
939 4278 1132 4326 Psalm.
1167 4278 1234 4340 89
1285 4294 1348 4325 v..
1383 4292 1448 4341 49
1499 4278 1578 4341 (ex
1616 4278 1820 4343 interpr.
1857 4278 1965 4326 Lat.
2002 4244 2260 4326 Tremellii
2294 4284 2343 4325 et
2376 4276 2557 4342 Junii):
2612 4277 2775 4338 „Quis
2806 4278 2887 4325 vir

632 4366 702 4415 ita
750 4367 901 4428 vivat,
955 4376 1008 4416 ut
1061 4384 1159 4416 non
1213 4369 1492 4433 experiatur
1543 4370 1791 4417 mortem?
1844 4368 2023 4432 eripiat
2071 4383 2123 4417 se
2159 4368 2324 4432 ipsum
2361 4384 2390 4417 a
2424 4368 2690 4433 sepulchro
2728 4369 2887 4419 excel·

627 4458 903 4509 lentissime
921 4457 977 4507 ?''
