3442 4975
61 4756 68 4795 q-

1740 355 1865 421 150

764 532 918 593 Non
991 531 1204 593 minus
1276 537 1497 591 tuetur
1539 525 1911 608 ‘suppliceS,
1968 524 2207 606 quibus
2252 525 2301 586 si
2351 525 2500 606 quis
2547 545 2677 586 non
2726 538 3005 605 opemf*

678 645 821 723 fert,
871 643 1031 716 Ζευς
1079 643 1457 725 gravissime
1505 641 1801 703 irascitur
1846 639 2095 720 (Suppl.
2148 637 2341 722 333)·.

1041 757 1236 840 βαρύς
1281 779 1380 832 re·
1395 753 1609 834 μέντοι
1658 755 1861 835 Ζηνὸς
1912 752 2143 815 ἱκεσίου
2192 755 2391 829 κότος,

767 874 854 936 Et
903 871 1127 952 suppl.
1174 869 1570 950 461-4622

1037 986 1201 1064 ὅμως
1247 982 1305 1046 δ’
1352 983 1600 1064 ἀνάγκη
1645 979 2224 1064 Ζηνόςαῖδεῖσθαι
2276 983 2461 1042 κότον

1045 1101 1311 1181 ἱκτῆρος·
1361 1096 1637 1172 ὕψιστος
1683 1098 1803 1178 γὰρ
1850 1097 1916 1157 ἐν
1964 1098 2209 1181 βροτοῖς
2253 1096 2461 1180 φόβος.

773 1217 952 1279 Iovis
1025 1217 1310 1293 nomina,
1359 1232 1528 1296 quae
1575 1214 1660 1276 ad
1707 1212 1879 1274 hanc
1926 1232 2062 1274 rem
2111 1207 2455 1293 pertinent,
2504 1217 2657 1271 sunt
2708 1204 2931 1278 ἱκέσιος

689 1329 940 1415 (Suppl.
1016 1329 1191 1412 333),
1261 1329 1439 1406 ἴκτήρ
1489 1326 1600 1409 (ib.
1647 1325 1827 1409 462),
1877 1324 2075 1404 ‘latmo
2124 1322 2325 1407 (625),
2372 1320 2661 1402 ἀφίκτωρ
2706 1323 2793 1403 (v.
2854 1320 2933 1403 Ι),

695 1445 940 1515 ἑκταῖος
987 1441 1204 1526 (37o);
1255 1451 1316 1504 et
1365 1440 1689 1522 supplices
1739 1448 2057 1502 vocantur
2106 1438 2307 1498 ἱκέται
2358 1439 2508 1508 Διὸς
2555 1437 2645 1522 (ν.
2692 1435 2869 1520 617).

778 1556 1035 1637 Quodsi
1073 1553 1376 1618 homines
1399 1573 1712 1636 prospera
1740 1560 2008 1616 utuntur
2030 1553 2287 1615 fortuna
2310 1562 2424 1616 aut
2449 1552 2619 1615 mala
2643 1552 2928 1634 quadam

691 1669 1079 1732 condicione
1148 1669 1520 1746 liberantur,
1589 1666 1718 1730 hoc
1780 1667 1902 1729 soli
1965 1666 2090 1729 deo
2136 1666 2399 1730 debent.
2494 1667 2723 1748 Itaque
2770 1665 2933 1728 deus

690 1787 985 1846 omnium
1034 1783 1384 1860 bonorum,
1434 1783 1672 1865 quibus
1718 1780 2019 1844 homines
2062 1776 2386 1858 fruuntur,
2433 1789 2532 1843 est
2569 1780 2714 1842 fons
2738 1788 2935 1862 atque

692 1907 943 1962 auctor.
993 1898 1069 1959 In
1116 1897 1214 1958 his
1261 1897 1458 1978 igitur
1505 1896 1695 1959 bonis
1742 1894 2092 1978 largiendis
2136 1895 2240 1957 dei
2286 1893 2647 1976 Aeschylei
2677 1891 2935 1956 bonitas

693 2013 906 2093 posita
971 2011 1090 2072 est.
1184 2008 1254 2070 Si
1323 2018 1545 2072 autem
1605 2030 2015 2092 quaeremuS‚
2078 2008 2289 2091 qualis
2352 2008 2510 2071 haec
2554 2007 2811 2071 bonitas
2856 2007 2938 2069 sit

692 2124 1149 2206 intellegenda,
1220 2125 1536 2186 memoria
1602 2123 1962 2186 tenendum
2032 2125 2178 2198 erit,
2252 2123 2481 2186 Iovem
2550 2131 2801 2204 patrem
2872 2128 2946 2183 et=

695 2259 919 2320 regem
965 2236 1309 2300 hominum
1356 2237 1669 2318 appellari
1730 2237 1807 2319 1).
1859 2236 1968 2299 Ex
2011 2237 2211 2318 patris
2258 2237 2431 2298 enim
2466 2236 2729 2298 nomine
2769 2230 2937 2316 effici

692 2372 888 2433 posse
934 2352 1188 2415 videtur
1236 2351 1410 2414 Iovis
1456 2351 1811 2414 bonitatem
1864 2371 1995 2414 non
2043 2351 2126 2414 ab
2174 2351 2440 2414 caritate
2464 2349 2938 2429 seiungendam

697 2486 860 2542 esse,
907 2465 990 2527 ad
1038 2466 1209 2545 regis
1253 2484 1496 2528 nomen
1543 2473 1795 2547 spectat
1844 2465 2018 2529 Iovis
2067 2465 2505 2529 mansuetudo
2552 2471 2617 2528 et
2654 2463 2941 2525 benevo-

695 2580 915 2643 lentia.
967 2577 1137 2641 Cum
1183 2587 1412 2666 autem·
1451 2578 1797 2641 hominum
1844 2577 2253 2641 Graecorum
2286 2578 2505 2661 (etiam
2530 2577 2940 2659 Aeschyleo·

697 2692 869 2773 rum)
911 2691 1140 2772 religio
1182 2692 1391 2773 magis
1431 2713 1516 2754 ex
1543 2691 1819 2755 deorum
1848 2701 2027 2754 metu
2054 2692 2472 2776 humanaque
2497 2693 2715 2775 inopia
2741 2711 2939 2774 quam

697 2829 784 2870 ex
831 2806 1104 2869 deorum
1154 2825 1378 2868 amore
1423 2807 1502 2869 sit
1542 2806 1913 2881 derivanda,
1951 2806 2258 2868 nimirum
2298 2808 2419 2871 ista
2444 2807 2665 2870 divina
2686 2807 2943 2870 bonitas

696 2920 920 3003 potius
965 2918 1050 2981 ad
1095 2919 1615 2983 benevolentiam
1663 2940 1863 3001 quam
1909 2920 1993 2983 ad
2042 2921 2377 2985 caritatem
2423 2920 2753 2983 referenda
2800 2922 2941 2985 erit.

785 3033 1102 3095 Attamen
1149 3053 1236 3096 ex
1281 3034 1508 3117 paucis
1556 3031 1716 3096 locis
1763 3034 1907 3097 elici
1947 3055 2147 3117 posse
2186 3036 2445 3100 videtur
2472 3038 2670 3101 etiam
2696 3035 2942 3099 malum

699 3149 802 3212 vel
847 3148 1067 3230 potius
1115 3148 1587 3229 malignitatem
1635 3151 1718 3212 ad
1770 3150 1931 3213 deos
1968 3151 2212 3213 referri.
2264 3151 2393 3214 Hic
2419 3172 2550 3214 non
2574 3152 2944 3234 cogitamus

698 3261 781 3323 de
852 3260 955 3323 dei
1028 3260 1275 3336 fraude,
1340 3282 1539 3344 quam
1584 3252 1727 3323 'rem
1776 3262 1839 3324 in
1886 3264 2097 3345 capite
2144 3264 2224 3325 de
2272 3263 2376 3325 dei
2426 3263 2762 3325 sanctitate
2807 3282 2947 3344 per·

698 3384 1041 3440 tractatam
1089 3375 1291 3438 habes
1329 3376 1414 3458 2).
1485 3374 1619 3439 Sed
1673 3377 1874 3454 MarS,
1923 3379 2033 3459 qui
2081 3399 2340 3461 semper
2385 3378 2677 3441 humano
2725 3379 2945 3460 generi

703 3488 1009 3551 inimicus
1056 3488 1335 3565 videtur,
1385 3497 1456 3551 ut
1500 3498 1771 3571 apparet
1816 3510 1901 3551 ex
1942 3476 2108 3570 Sept.
2158 3490 2319 3554 226:

1061 3604 1271 3683 τούτῳ
1317 3601 1438 3681 γὰρ
1477 3600 1671 3684 ’Ἀρης
1717 3602 2035 3683 βόσκεται,
2084 3607 2255 3684 φόνῳ
2302 3607 2566 3689 βροτῶν,

701 3715 934 3777 dicitur
981 3713 1150 3793 Sept.
1202 3713 1550 3794 326-327
1599 3716 1907 3797 pietatem
1954 3718 2233 3780 violare:

1145 3831 1528 3908 μαινόμενος
1574 3826 1626 3890 δ’
1677 3830 1942 3891 ἐπιπνεῖ
1984 3827 2309 3912 λαοδάμας

1146 3941 1418 4021 μιαίνων
1467 3940 1789 4027 εὐσέβειαν
1835 3942 2045 4027 ’Ἀρης.

778 4126 822 4192 1)
858 4128 990 4177 Vide
1023 4145 1074 4194 p.
1111 4142 1325 4193 24—27.

773 4219 825 4284 2)
875 4220 974 4269 Dei
1025 4222 1339 4270 sanctitatem
1389 4223 1562 4271 divina
1611 4225 1924 4291 malignitate
1974 4240 2210 4274 concessa
2256 4226 2504 4290 integram
2550 4225 2762 4274 evadere
2798 4240 2949 4275 nemo

703 4313 988 4374 contendet,
1024 4329 1136 4362 cum
1171 4316 1297 4363 haec
1333 4316 1443 4380 ipsa
1478 4316 1715 4365 sanctitas
1750 4317 1835 4365 dei
1871 4317 2145 4371 bonitatem
2180 4316 2415 4386 postulet,
2447 4317 2513 4365 ita
2550 4323 2604 4365 ut
2638 4316 2745 4365 eius
2766 4316 2951 4365 sancti—

701 4410 801 4457 tate
837 4420 1072 4457 concessa
1105 4407 1253 4458 etiam
1289 4407 1395 4457 eius
1429 4407 1629 4457 bonitas
1666 4409 1982 4463 concedatur.
