<?xml version="1.0" encoding="UTF-8"?>
<!DOCTYPE html PUBLIC "-//W3C//DTD XHTML 1.0 Transitional//EN"
    "http://www.w3.org/TR/xhtml1/DTD/xhtml1-transitional.dtd">
<html xmlns="http://www.w3.org/1999/xhtml" xml:lang="en" lang="en">
 <head>
  <title>
</title>
<meta http-equiv="Content-Type" content="text/html;charset=utf-8" />
  <meta name='ocr-system' content='tesseract 3.04.00' />
  <meta name='ocr-capabilities' content='ocr_page ocr_carea ocr_par ocr_line ocrx_word'/>
</head>
<body>
  <div class='ocr_page' id='page_1' title='image "./dedeoaeschyleo01fiscgoog_0056.png"; bbox 0 0 3442 4975; ppageno 0'>
   <div class='ocr_carea' id='block_1_1' title="bbox 1731 421 1817 484">
    <p class='ocr_par' dir='ltr' id='par_1_1' title="bbox 1731 421 1817 484">
     <span class='ocr_line' id='line_1_1' title="bbox 1731 421 1817 484; baseline 0 -17"><span class='ocrx_word' id='word_1_1' title='bbox 1731 421 1817 484; x_wconf 89' lang='lat'>42</span> 
     </span>
    </p>
   </div>
   <div class='ocr_carea' id='block_1_2' title="bbox 555 582 2901 3066">
    <p class='ocr_par' dir='ltr' id='par_1_2' title="bbox 989 582 2636 674">
     <span class='ocr_line' id='line_1_2' title="bbox 989 582 2636 674; baseline 0.001 -22"><span class='ocrx_word' id='word_1_2' title='bbox 989 614 1131 674; x_wconf 85' lang='grc' dir='ltr'><strong><em>ηκαι</em></strong></span> <span class='ocrx_word' id='word_1_3' title='bbox 1177 594 1260 672; x_wconf 84' lang='grc' dir='ltr'>μὴ</span> <span class='ocrx_word' id='word_1_4' title='bbox 1310 587 1525 660; x_wconf 79' lang='grc' dir='ltr'><strong><em>τέλεον</em></strong></span> <span class='ocrx_word' id='word_1_5' title='bbox 1574 587 1791 660; x_wconf 79' lang='grc' dir='ltr'><strong><em>δόντες</em></strong></span> <span class='ocrx_word' id='word_1_6' title='bbox 1839 588 2004 671; x_wconf 74' lang='grc' dir='ltr'><strong><em>ἔχειν</em></strong></span> <span class='ocrx_word' id='word_1_7' title='bbox 2054 592 2207 670; x_wconf 80' lang='grc' dir='ltr'><strong><em>παρ’</em></strong></span> <span class='ocrx_word' id='word_1_8' title='bbox 2254 582 2441 650; x_wconf 77' lang='grc' dir='ltr'><strong><em>αἶσα-ν</em></strong></span> <span class='ocrx_word' id='word_1_9' title='bbox 2488 590 2545 673; x_wconf 93' lang='lat'>1)</span> <span class='ocrx_word' id='word_1_10' title='bbox 2631 621 2636 626; x_wconf 96' lang='lat'>·</span> 
     </span>
    </p>

    <p class='ocr_par' dir='ltr' id='par_1_3' title="bbox 555 703 2901 2952">
     <span class='ocr_line' id='line_1_3' title="bbox 742 703 2901 788; baseline -0.001 -19"><span class='ocrx_word' id='word_1_11' title='bbox 742 706 940 788; x_wconf 77' lang='lat' dir='ltr'>Quod</span> <span class='ocrx_word' id='word_1_12' title='bbox 1013 728 1155 787; x_wconf 88' lang='grc' dir='ltr'><strong><em>ηκαι</em></strong></span> <span class='ocrx_word' id='word_1_13' title='bbox 1230 713 1554 769; x_wconf 87' lang='lat' dir='ltr'>mutatum</span> <span class='ocrx_word' id='word_1_14' title='bbox 1622 714 1720 768; x_wconf 92' lang='lat' dir='ltr'>est</span> <span class='ocrx_word' id='word_1_15' title='bbox 1789 706 1852 767; x_wconf 90' lang='lat' dir='ltr'>in</span> <span class='ocrx_word' id='word_1_16' title='bbox 1915 708 1956 784; x_wconf 81' lang='grc' dir='ltr'><em>ἤ</em></span> <span class='ocrx_word' id='word_1_17' title='bbox 2001 704 2125 781; x_wconf 87' lang='grc' dir='ltr'><strong><em>καί,</em></strong></span> <span class='ocrx_word' id='word_1_18' title='bbox 2171 705 2239 767; x_wconf 91' lang='lat' dir='ltr'>id</span> <span class='ocrx_word' id='word_1_19' title='bbox 2286 705 2425 767; x_wconf 87' lang='lat' dir='ltr'>sine</span> <span class='ocrx_word' id='word_1_20' title='bbox 2473 703 2605 767; x_wconf 87' lang='lat' dir='ltr'>ulla</span> <span class='ocrx_word' id='word_1_21' title='bbox 2652 704 2901 767; x_wconf 86' lang='lat' dir='ltr'>dubita-</span> 
     </span>
     <span class='ocr_line' id='line_1_4' title="bbox 639 816 2899 902; baseline -0.001 -19"><span class='ocrx_word' id='word_1_22' title='bbox 639 822 829 884; x_wconf 80' lang='lat' dir='ltr'>tione</span> <span class='ocrx_word' id='word_1_23' title='bbox 897 840 1126 882; x_wconf 90' lang='lat' dir='ltr'>omnes</span> <span class='ocrx_word' id='word_1_24' title='bbox 1187 819 1574 902; x_wconf 86' lang='lat' dir='ltr'>probabunt.</span> <span class='ocrx_word' id='word_1_25' title='bbox 1668 819 1871 901; x_wconf 77' lang='lat' dir='ltr'>Quod</span> <span class='ocrx_word' id='word_1_26' title='bbox 1931 827 2151 882; x_wconf 89' lang='lat' dir='ltr'>tamen</span> <span class='ocrx_word' id='word_1_27' title='bbox 2210 816 2502 881; x_wconf 88' lang='lat' dir='ltr'>nonnulli</span> <span class='ocrx_word' id='word_1_28' title='bbox 2566 840 2705 899; x_wconf 85' lang='grc' dir='ltr'><strong><em>περ,</em></strong></span> <span class='ocrx_word' id='word_1_29' title='bbox 2768 838 2899 881; x_wconf 90' lang='lat' dir='ltr'>non</span> 
     </span>
     <span class='ocr_line' id='line_1_5' title="bbox 654 930 2900 1015; baseline 0 -21"><span class='ocrx_word' id='word_1_30' title='bbox 654 934 804 1014; x_wconf 82' lang='grc' dir='ltr'><strong><em>παρ’</em></strong></span> <span class='ocrx_word' id='word_1_31' title='bbox 879 933 1187 1011; x_wconf 83' lang='lat' dir='ltr'>scribunt,</span> <span class='ocrx_word' id='word_1_32' title='bbox 1259 932 1563 1015; x_wconf 87' lang='lat' dir='ltr'>equidem</span> <span class='ocrx_word' id='word_1_33' title='bbox 1626 932 1831 996; x_wconf 83' lang='lat' dir='ltr'>fateor</span> <span class='ocrx_word' id='word_1_34' title='bbox 1879 953 1984 995; x_wconf 90' lang='lat' dir='ltr'>me</span> <span class='ocrx_word' id='word_1_35' title='bbox 2030 933 2095 995; x_wconf 91' lang='lat' dir='ltr'>in</span> <span class='ocrx_word' id='word_1_36' title='bbox 2143 930 2270 995; x_wconf 84' lang='lat' dir='ltr'>alia</span> <span class='ocrx_word' id='word_1_37' title='bbox 2315 934 2537 996; x_wconf 89' lang='lat' dir='ltr'>omnia</span> <span class='ocrx_word' id='word_1_38' title='bbox 2584 934 2695 1010; x_wconf 91' lang='lat' dir='ltr'>ire,</span> <span class='ocrx_word' id='word_1_39' title='bbox 2746 933 2900 1015; x_wconf 85' lang='lat' dir='ltr'>quia</span> 
     </span>
     <span class='ocr_line' id='line_1_6' title="bbox 654 1046 2900 1131; baseline -0 -22"><span class='ocrx_word' id='word_1_40' title='bbox 654 1071 771 1128; x_wconf 79' lang='grc' dir='ltr'><strong><em>περ</em></strong></span> <span class='ocrx_word' id='word_1_41' title='bbox 835 1069 1047 1131; x_wconf 91' lang='lat' dir='ltr'>neque</span> <span class='ocrx_word' id='word_1_42' title='bbox 1091 1047 1220 1109; x_wconf 90' lang='grc'><strong>1100</strong></span> <span class='ocrx_word' id='word_1_43' title='bbox 1267 1047 1413 1109; x_wconf 92' lang='grc'><strong>1000</strong></span> <span class='ocrx_word' id='word_1_44' title='bbox 1461 1047 1966 1128; x_wconf 83' lang='lat' dir='ltr'>exspectaveriS,</span> <span class='ocrx_word' id='word_1_45' title='bbox 2016 1066 2248 1129; x_wconf 93' lang='lat' dir='ltr'>neque,</span> <span class='ocrx_word' id='word_1_46' title='bbox 2297 1047 2477 1129; x_wconf 93' lang='lat' dir='ltr'>quod</span> <span class='ocrx_word' id='word_1_47' title='bbox 2528 1046 2735 1109; x_wconf 88' lang='lat' dir='ltr'>maius</span> <span class='ocrx_word' id='word_1_48' title='bbox 2780 1055 2900 1120; x_wconf 89' lang='lat' dir='ltr'>est,</span> 
     </span>
     <span class='ocr_line' id='line_1_7' title="bbox 653 1159 2900 1237; baseline -0.002 -12"><span class='ocrx_word' id='word_1_49' title='bbox 653 1164 972 1227; x_wconf 87' lang='lat' dir='ltr'>sententia</span> <span class='ocrx_word' id='word_1_50' title='bbox 1037 1160 1162 1224; x_wconf 89' lang='grc'><strong>1130</strong></span> <span class='ocrx_word' id='word_1_51' title='bbox 1231 1161 1685 1224; x_wconf 87' lang='lat' dir='ltr'>emendatione</span> <span class='ocrx_word' id='word_1_52' title='bbox 1746 1159 1998 1237; x_wconf 87' lang='lat' dir='ltr'>clarior,</span> <span class='ocrx_word' id='word_1_53' title='bbox 2049 1160 2255 1235; x_wconf 87' lang='lat' dir='ltr'>immo</span> <span class='ocrx_word' id='word_1_54' title='bbox 2306 1160 2516 1223; x_wconf 89' lang='lat' dir='ltr'>multo</span> <span class='ocrx_word' id='word_1_55' title='bbox 2563 1160 2900 1223; x_wconf 86' lang='lat' dir='ltr'>obscurior</span> 
     </span>
     <span class='ocr_line' id='line_1_8' title="bbox 652 1272 2899 1356; baseline -0.001 -18"><span class='ocrx_word' id='word_1_56' title='bbox 652 1276 741 1339; x_wconf 90' lang='lat' dir='ltr'>fit.</span> <span class='ocrx_word' id='word_1_57' title='bbox 813 1276 986 1338; x_wconf 84' lang='lat' dir='ltr'>Nam</span> <span class='ocrx_word' id='word_1_58' title='bbox 1057 1274 1272 1338; x_wconf 89' lang='lat' dir='ltr'>versio</span> <span class='ocrx_word' id='word_1_59' title='bbox 1345 1274 1732 1356; x_wconf 82' lang='lat' dir='ltr'>Hartungii:</span> <span class='ocrx_word' id='word_1_60' title='bbox 1806 1273 2011 1351; x_wconf 91' lang='lat' dir='ltr'>„oder</span> <span class='ocrx_word' id='word_1_61' title='bbox 2076 1274 2297 1337; x_wconf 89' lang='lat' dir='ltr'>wollet</span> <span class='ocrx_word' id='word_1_62' title='bbox 2355 1273 2456 1335; x_wconf 88' lang='lat' dir='ltr'>ihr</span> <span class='ocrx_word' id='word_1_63' title='bbox 2503 1273 2685 1336; x_wconf 91' lang='lat' dir='ltr'>nicht</span> <span class='ocrx_word' id='word_1_64' title='bbox 2727 1272 2899 1337; x_wconf 93' lang='lat' dir='ltr'>volle</span> 
     </span>
     <span class='ocr_line' id='line_1_9' title="bbox 655 1384 2899 1471; baseline -0.002 -19"><span class='ocrx_word' id='word_1_65' title='bbox 655 1386 926 1452; x_wconf 79' lang='lat' dir='ltr'>Gebiihr</span> <span class='ocrx_word' id='word_1_66' title='bbox 984 1384 1319 1452; x_wconf 86' lang='lat' dir='ltr'>verleih’n.</span> <span class='ocrx_word' id='word_1_67' title='bbox 1368 1438 1381 1453; x_wconf 90' lang='lat'><strong>.</strong></span> <span class='ocrx_word' id='word_1_68' title='bbox 1434 1384 1492 1449; x_wconf 87' lang='lat'>.&#39;’</span> <span class='ocrx_word' id='word_1_69' title='bbox 1557 1388 1930 1471; x_wconf 88' lang='lat' dir='ltr'>unicuique,</span> <span class='ocrx_word' id='word_1_70' title='bbox 1980 1396 2260 1470; x_wconf 85' lang='lat' dir='ltr'>excepto</span> <span class='ocrx_word' id='word_1_71' title='bbox 2307 1387 2445 1452; x_wconf 90' lang='lat' dir='ltr'>scil.</span> <span class='ocrx_word' id='word_1_72' title='bbox 2521 1388 2899 1468; x_wconf 83' lang='lat' dir='ltr'>Hartungio</span> 
     </span>
     <span class='ocr_line' id='line_1_10' title="bbox 652 1500 2897 1588; baseline -0.001 -22"><span class='ocrx_word' id='word_1_73' title='bbox 652 1506 816 1586; x_wconf 85' lang='lat' dir='ltr'>ipSO,</span> <span class='ocrx_word' id='word_1_74' title='bbox 904 1504 1120 1584; x_wconf 87' lang='lat' dir='ltr'>inepta</span> <span class='ocrx_word' id='word_1_75' title='bbox 1199 1500 1544 1579; x_wconf 89' lang='lat' dir='ltr'>videbitur,</span> <span class='ocrx_word' id='word_1_76' title='bbox 1615 1522 1829 1588; x_wconf 90' lang='lat' dir='ltr'>neque</span> <span class='ocrx_word' id='word_1_77' title='bbox 1899 1502 2027 1564; x_wconf 87' lang='lat' dir='ltr'>alio</span> <span class='ocrx_word' id='word_1_78' title='bbox 2104 1522 2241 1583; x_wconf 86' lang='lat' dir='ltr'>quo</span> <span class='ocrx_word' id='word_1_79' title='bbox 2312 1501 2512 1563; x_wconf 88' lang='lat' dir='ltr'>modo</span> <span class='ocrx_word' id='word_1_80' title='bbox 2581 1503 2668 1564; x_wconf 87' lang='lat' dir='ltr'>ita</span> <span class='ocrx_word' id='word_1_81' title='bbox 2736 1503 2897 1564; x_wconf 90' lang='lat' dir='ltr'>verti</span> 
     </span>
     <span class='ocr_line' id='line_1_11' title="bbox 650 1614 2896 1698; baseline -0 -20"><span class='ocrx_word' id='word_1_82' title='bbox 650 1617 879 1698; x_wconf 86' lang='lat' dir='ltr'>possit,</span> <span class='ocrx_word' id='word_1_83' title='bbox 954 1623 1025 1678; x_wconf 87' lang='lat' dir='ltr'>ut</span> <span class='ocrx_word' id='word_1_84' title='bbox 1081 1614 1420 1678; x_wconf 85' lang='lat' dir='ltr'>toleranda</span> <span class='ocrx_word' id='word_1_85' title='bbox 1479 1616 1564 1679; x_wconf 89' lang='lat' dir='ltr'>sit</span> <span class='ocrx_word' id='word_1_86' title='bbox 1609 1617 1948 1679; x_wconf 87' lang='lat' dir='ltr'>sententia.</span> <span class='ocrx_word' id='word_1_87' title='bbox 2040 1614 2466 1697; x_wconf 88' lang='lat' dir='ltr'>Perspicuum</span> <span class='ocrx_word' id='word_1_88' title='bbox 2514 1623 2732 1678; x_wconf 87' lang='lat' dir='ltr'>autem</span> <span class='ocrx_word' id='word_1_89' title='bbox 2780 1624 2896 1692; x_wconf 88' lang='lat' dir='ltr'>est,</span> 
     </span>
     <span class='ocr_line' id='line_1_12' title="bbox 653 1718 2897 1809; baseline 0.001 -18"><span class='ocrx_word' id='word_1_90' title='bbox 653 1730 706 1791; x_wconf 90' lang='lat' dir='ltr'>si</span> <span class='ocrx_word' id='word_1_91' title='bbox 765 1732 919 1809; x_wconf 80' lang='grc' dir='ltr'><strong><em>παρ’</em></strong></span> <span class='ocrx_word' id='word_1_92' title='bbox 963 1738 1244 1805; x_wconf 88' lang='lat' dir='ltr'>tuemur,</span> <span class='ocrx_word' id='word_1_93' title='bbox 1291 1724 1506 1789; x_wconf 80' lang='grc' dir='ltr'><strong><em>τέλεον</em></strong></span> <span class='ocrx_word' id='word_1_94' title='bbox 1556 1750 1687 1791; x_wconf 89' lang='grc'><strong>11011</strong></span> <span class='ocrx_word' id='word_1_95' title='bbox 1734 1729 1819 1791; x_wconf 85' lang='lat' dir='ltr'>ad</span> <span class='ocrx_word' id='word_1_96' title='bbox 1867 1718 2059 1789; x_wconf 74' lang='grc' dir='ltr'><strong><em>αἶσαν</em></strong></span> <span class='ocrx_word' id='word_1_97' title='bbox 2109 1729 2537 1807; x_wconf 87' lang='lat' dir='ltr'>referendum,</span> <span class='ocrx_word' id='word_1_98' title='bbox 2586 1731 2702 1793; x_wconf 90' lang='lat' dir='ltr'>sed</span> <span class='ocrx_word' id='word_1_99' title='bbox 2748 1731 2897 1793; x_wconf 89' lang='lat' dir='ltr'>sub-</span> 
     </span>
     <span class='ocr_line' id='line_1_13' title="bbox 652 1840 2896 1925; baseline -0.001 -19"><span class='ocrx_word' id='word_1_100' title='bbox 652 1844 931 1906; x_wconf 83' lang='lat' dir='ltr'>stantive</span> <span class='ocrx_word' id='word_1_101' title='bbox 977 1841 1338 1905; x_wconf 87' lang='lat' dir='ltr'>adhibitum</span> <span class='ocrx_word' id='word_1_102' title='bbox 1364 1862 1504 1904; x_wconf 87' lang='lat' dir='ltr'>esse</span> <span class='ocrx_word' id='word_1_103' title='bbox 1532 1842 1622 1925; x_wconf 90' lang='lat'>2),</span> <span class='ocrx_word' id='word_1_104' title='bbox 1672 1843 1761 1905; x_wconf 86' lang='lat' dir='ltr'>ita</span> <span class='ocrx_word' id='word_1_105' title='bbox 1802 1851 1874 1905; x_wconf 88' lang='lat' dir='ltr'>ut</span> <span class='ocrx_word' id='word_1_106' title='bbox 1921 1844 2027 1903; x_wconf 86' lang='grc' dir='ltr'>καὶ</span> <span class='ocrx_word' id='word_1_107' title='bbox 2072 1846 2157 1922; x_wconf 85' lang='grc' dir='ltr'>μὴ</span> <span class='ocrx_word' id='word_1_108' title='bbox 2204 1840 2419 1905; x_wconf 77' lang='grc' dir='ltr'><strong><em>τέλεον</em></strong></span> <span class='ocrx_word' id='word_1_109' title='bbox 2469 1841 2687 1915; x_wconf 78' lang='grc' dir='ltr'><strong><em>δόντες</em></strong></span> <span class='ocrx_word' id='word_1_110' title='bbox 2731 1842 2896 1925; x_wconf 76' lang='grc' dir='ltr'><strong><em>ἔχειν</em></strong></span> 
     </span>
     <span class='ocr_line' id='line_1_14' title="bbox 653 1932 2895 2042; baseline 0.002 -26"><span class='ocrx_word' id='word_1_111' title='bbox 653 1956 805 2036; x_wconf 82' lang='grc' dir='ltr'><strong><em>παρ’</em></strong></span> <span class='ocrx_word' id='word_1_112' title='bbox 855 1947 1048 2017; x_wconf 76' lang='grc' dir='ltr'><strong><em>αἶσαν</em></strong></span> <span class='ocrx_word' id='word_1_113' title='bbox 1113 1955 1462 2038; x_wconf 87' lang='lat' dir='ltr'>significet:</span> <span class='ocrx_word' id='word_1_114' title='bbox 1534 1956 1784 2019; x_wconf 87' lang='lat' dir='ltr'>etiamsi</span> <span class='ocrx_word' id='word_1_115' title='bbox 1846 1978 1976 2019; x_wconf 90' lang='lat' dir='ltr'>non</span> <span class='ocrx_word' id='word_1_116' title='bbox 2036 1958 2241 2021; x_wconf 90' lang='lat' dir='ltr'>sinitis</span> <span class='ocrx_word' id='word_1_117' title='bbox 2304 1932 2492 2042; x_wconf 47' lang='lat' dir='ltr'>(me)⁶</span> <span class='ocrx_word' id='word_1_118' title='bbox 2506 1966 2895 2041; x_wconf 87' lang='lat' dir='ltr'>perpetrare,</span> 
     </span>
     <span class='ocr_line' id='line_1_15' title="bbox 653 2068 2898 2155; baseline 0.002 -24"><span class='ocrx_word' id='word_1_119' title='bbox 653 2071 693 2134; x_wconf 90' lang='lat' dir='ltr'>i.</span> <span class='ocrx_word' id='word_1_120' title='bbox 743 2091 798 2131; x_wconf 91' lang='lat' dir='ltr'>e.</span> <span class='ocrx_word' id='word_1_121' title='bbox 847 2071 898 2131; x_wconf 88' lang='lat' dir='ltr'>si</span> <span class='ocrx_word' id='word_1_122' title='bbox 947 2090 1079 2132; x_wconf 89' lang='lat' dir='ltr'>non</span> <span class='ocrx_word' id='word_1_123' title='bbox 1124 2068 1428 2150; x_wconf 87' lang='lat' dir='ltr'>perficitis</span> <span class='ocrx_word' id='word_1_124' title='bbox 1475 2070 1682 2152; x_wconf 93' lang='lat' dir='ltr'>(quod</span> <span class='ocrx_word' id='word_1_125' title='bbox 1729 2078 1886 2152; x_wconf 89' lang='lat' dir='ltr'>opto</span> <span class='ocrx_word' id='word_1_126' title='bbox 1934 2070 2101 2155; x_wconf 91' lang='lat' dir='ltr'>scil.)</span> <span class='ocrx_word' id='word_1_127' title='bbox 2149 2081 2444 2135; x_wconf 86' lang='lat' dir='ltr'>contra</span> <span class='ocrx_word' id='word_1_128' title='bbox 2504 2074 2781 2150; x_wconf 84' lang='lat' dir='ltr'>fatum,</span> <span class='ocrx_word' id='word_1_129' title='bbox 2833 2072 2898 2155; x_wconf 88' lang='lat'>3)</span> 
     </span>
     <span class='ocr_line' id='line_1_16' title="bbox 651 2183 2897 2267; baseline 0.001 -21"><span class='ocrx_word' id='word_1_130' title='bbox 651 2186 690 2246; x_wconf 90' lang='lat' dir='ltr'>i.</span> <span class='ocrx_word' id='word_1_131' title='bbox 741 2205 797 2247; x_wconf 90' lang='lat' dir='ltr'>e.</span> <span class='ocrx_word' id='word_1_132' title='bbox 848 2185 1026 2267; x_wconf 93' lang='lat' dir='ltr'>quod</span> <span class='ocrx_word' id='word_1_133' title='bbox 1091 2183 1300 2247; x_wconf 85' lang='lat' dir='ltr'>fatum</span> <span class='ocrx_word' id='word_1_134' title='bbox 1360 2183 1426 2245; x_wconf 92' lang='lat' dir='ltr'>id</span> <span class='ocrx_word' id='word_1_135' title='bbox 1473 2204 1603 2246; x_wconf 91' lang='lat' dir='ltr'>non</span> <span class='ocrx_word' id='word_1_136' title='bbox 1649 2186 1997 2267; x_wconf 83' lang='lat' dir='ltr'>permittat.</span> <span class='ocrx_word' id='word_1_137' title='bbox 2072 2186 2202 2248; x_wconf 89' lang='lat' dir='ltr'>Hic</span> <span class='ocrx_word' id='word_1_138' title='bbox 2246 2186 2897 2250; x_wconf 85' lang='lat' dir='ltr'>animadvertendum</span> 
     </span>
     <span class='ocr_line' id='line_1_17' title="bbox 655 2296 2897 2382; baseline 0 -23"><span class='ocrx_word' id='word_1_139' title='bbox 655 2307 754 2362; x_wconf 88' lang='lat' dir='ltr'>est</span> <span class='ocrx_word' id='word_1_140' title='bbox 799 2317 952 2374; x_wconf 88' lang='lat' dir='ltr'>non,</span> <span class='ocrx_word' id='word_1_141' title='bbox 1000 2318 1134 2380; x_wconf 89' lang='lat' dir='ltr'>quo</span> <span class='ocrx_word' id='word_1_142' title='bbox 1181 2298 1486 2379; x_wconf 87' lang='lat' dir='ltr'>opionem</span> <span class='ocrx_word' id='word_1_143' title='bbox 1534 2318 1750 2360; x_wconf 87' lang='lat' dir='ltr'>meam</span> <span class='ocrx_word' id='word_1_144' title='bbox 1800 2298 2239 2377; x_wconf 87' lang='lat' dir='ltr'>corroborem,</span> <span class='ocrx_word' id='word_1_145' title='bbox 2290 2299 2443 2362; x_wconf 89' lang='lat' dir='ltr'>mihi</span> <span class='ocrx_word' id='word_1_146' title='bbox 2492 2300 2697 2363; x_wconf 86' lang='lat' dir='ltr'>videri</span> <span class='ocrx_word' id='word_1_147' title='bbox 2746 2296 2897 2382; x_wconf 80' lang='grc' dir='ltr'><strong><em>παρ’</em></strong></span> 
     </span>
     <span class='ocr_line' id='line_1_18' title="bbox 650 2408 2894 2495; baseline 0.001 -21"><span class='ocrx_word' id='word_1_148' title='bbox 650 2411 969 2474; x_wconf 91' lang='lat' dir='ltr'>tuendum</span> <span class='ocrx_word' id='word_1_149' title='bbox 1039 2431 1196 2489; x_wconf 89' lang='lat' dir='ltr'>esse,</span> <span class='ocrx_word' id='word_1_150' title='bbox 1269 2432 1418 2473; x_wconf 85' lang='grc'><strong>113111</strong></span> <span class='ocrx_word' id='word_1_151' title='bbox 1488 2409 1614 2473; x_wconf 92' lang='lat' dir='ltr'>hoc</span> <span class='ocrx_word' id='word_1_152' title='bbox 1676 2408 1829 2495; x_wconf 82' lang='grc' dir='ltr'><strong><em>παρ’</em></strong></span> <span class='ocrx_word' id='word_1_153' title='bbox 1878 2413 1941 2474; x_wconf 90' lang='lat' dir='ltr'>in</span> <span class='ocrx_word' id='word_1_154' title='bbox 1988 2433 2209 2476; x_wconf 89' lang='lat' dir='ltr'>meum</span> <span class='ocrx_word' id='word_1_155' title='bbox 2257 2414 2685 2478; x_wconf 89' lang='lat' dir='ltr'>commodum</span> <span class='ocrx_word' id='word_1_156' title='bbox 2735 2415 2894 2477; x_wconf 88' lang='lat' dir='ltr'>verti</span> 
     </span>
     <span class='ocr_line' id='line_1_19' title="bbox 653 2519 2894 2613; baseline 0.001 -25"><span class='ocrx_word' id='word_1_157' title='bbox 653 2546 781 2588; x_wconf 92' lang='lat' dir='ltr'>non</span> <span class='ocrx_word' id='word_1_158' title='bbox 829 2534 1064 2607; x_wconf 87' lang='lat' dir='ltr'>potest,</span> <span class='ocrx_word' id='word_1_159' title='bbox 1113 2546 1266 2589; x_wconf 91' lang='lat' dir='ltr'>cum</span> <span class='ocrx_word' id='word_1_160' title='bbox 1313 2525 1637 2590; x_wconf 85' lang='lat' dir='ltr'>vocabulo</span> <span class='ocrx_word' id='word_1_161' title='bbox 1685 2550 1803 2607; x_wconf 80' lang='grc' dir='ltr'><strong><em>περ</em></strong></span> <span class='ocrx_word' id='word_1_162' title='bbox 1837 2538 2099 2610; x_wconf 82' lang='grc' dir='ltr'><strong>100ορϊο</strong></span> <span class='ocrx_word' id='word_1_163' title='bbox 2124 2519 2317 2589; x_wconf 77' lang='grc' dir='ltr'><strong><em>αἶσαν</em></strong></span> <span class='ocrx_word' id='word_1_164' title='bbox 2346 2530 2500 2613; x_wconf 84' lang='lat' dir='ltr'>(una</span> <span class='ocrx_word' id='word_1_165' title='bbox 2525 2550 2677 2592; x_wconf 89' lang='lat' dir='ltr'>cum</span> <span class='ocrx_word' id='word_1_166' title='bbox 2705 2527 2894 2613; x_wconf 74' lang='grc' dir='ltr'><strong><em>ἔχειν)</em></strong></span> 
     </span>
     <span class='ocr_line' id='line_1_20' title="bbox 652 2635 2897 2722; baseline 0.003 -22"><span class='ocrx_word' id='word_1_167' title='bbox 652 2640 734 2702; x_wconf 91' lang='lat' dir='ltr'>sit</span> <span class='ocrx_word' id='word_1_168' title='bbox 781 2639 1111 2700; x_wconf 91' lang='lat' dir='ltr'>obiectum</span> <span class='ocrx_word' id='word_1_169' title='bbox 1161 2640 1340 2702; x_wconf 89' lang='lat' dir='ltr'>verbi</span> <span class='ocrx_word' id='word_1_170' title='bbox 1390 2640 1571 2722; x_wconf 90' lang='lat' dir='ltr'>quod</span> <span class='ocrx_word' id='word_1_171' title='bbox 1619 2649 1718 2703; x_wconf 87' lang='lat' dir='ltr'>est</span> <span class='ocrx_word' id='word_1_172' title='bbox 1764 2637 2001 2718; x_wconf 73' lang='grc' dir='ltr'><strong><em>δόντες,</em></strong></span> <span class='ocrx_word' id='word_1_173' title='bbox 2051 2644 2138 2705; x_wconf 87' lang='lat' dir='ltr'>ita</span> <span class='ocrx_word' id='word_1_174' title='bbox 2187 2651 2259 2706; x_wconf 90' lang='lat' dir='ltr'>ut</span> <span class='ocrx_word' id='word_1_175' title='bbox 2301 2642 2464 2705; x_wconf 87' lang='grc'><strong>11300</strong></span> <span class='ocrx_word' id='word_1_176' title='bbox 2505 2635 2655 2702; x_wconf 76' lang='grc' dir='ltr'><strong><em>αἶσα</em></strong></span> <span class='ocrx_word' id='word_1_177' title='bbox 2694 2665 2733 2706; x_wconf 89' lang='grc'><strong>3</strong></span> <span class='ocrx_word' id='word_1_178' title='bbox 2774 2644 2897 2705; x_wconf 90' lang='lat' dir='ltr'>diis</span> 
     </span>
     <span class='ocr_line' id='line_1_21' title="bbox 649 2751 2892 2839; baseline 0.002 -25"><span class='ocrx_word' id='word_1_179' title='bbox 649 2751 969 2835; x_wconf 89' lang='lat' dir='ltr'>proficisci</span> <span class='ocrx_word' id='word_1_180' title='bbox 1019 2753 1290 2828; x_wconf 82' lang='lat' dir='ltr'>dicatur,</span> <span class='ocrx_word' id='word_1_181' title='bbox 1341 2754 1433 2815; x_wconf 89' lang='lat' dir='ltr'>sin</span> <span class='ocrx_word' id='word_1_182' title='bbox 1484 2762 1702 2817; x_wconf 83' lang='lat' dir='ltr'>autem</span> <span class='ocrx_word' id='word_1_183' title='bbox 1753 2758 1907 2833; x_wconf 73' lang='grc' dir='ltr'><strong><em>παρ’</em></strong></span> <span class='ocrx_word' id='word_1_184' title='bbox 1954 2753 2272 2836; x_wconf 82' lang='lat' dir='ltr'>legamuS‚</span> <span class='ocrx_word' id='word_1_185' title='bbox 2322 2777 2454 2819; x_wconf 90' lang='grc'><strong>11011</strong></span> <span class='ocrx_word' id='word_1_186' title='bbox 2478 2765 2718 2838; x_wconf 85' lang='lat' dir='ltr'>pateat,</span> <span class='ocrx_word' id='word_1_187' title='bbox 2745 2757 2892 2839; x_wconf 88' lang='lat' dir='ltr'>quis</span> 
     </span>
     <span class='ocr_line' id='line_1_22' title="bbox 555 2857 1367 2952; baseline 0 -24"><span class='ocrx_word' id='word_1_188' title='bbox 555 2938 560 2943; x_wconf 24' lang='lat'><strong>⁴</strong></span> <span class='ocrx_word' id='word_1_189' title='bbox 651 2866 820 2929; x_wconf 85' lang='lat' dir='ltr'>hanc</span> <span class='ocrx_word' id='word_1_190' title='bbox 867 2857 1056 2927; x_wconf 72' lang='grc' dir='ltr'><strong><em>αἶσαν</em></strong></span> <span class='ocrx_word' id='word_1_191' title='bbox 1105 2875 1367 2952; x_wconf 80' lang='lat' dir='ltr'>statuat.</span> 
     </span>
    </p>

    <p class='ocr_par' dir='ltr' id='par_1_4' title="bbox 738 2974 2897 3066">
     <span class='ocr_line' id='line_1_23' title="bbox 738 2974 2897 3066; baseline 0 -24"><span class='ocrx_word' id='word_1_192' title='bbox 738 2980 836 3043; x_wconf 87' lang='lat' dir='ltr'>At</span> <span class='ocrx_word' id='word_1_193' title='bbox 882 2980 1005 3042; x_wconf 91' lang='lat' dir='ltr'>hoc</span> <span class='ocrx_word' id='word_1_194' title='bbox 1053 2980 1198 3043; x_wconf 91' lang='lat' dir='ltr'>loco</span> <span class='ocrx_word' id='word_1_195' title='bbox 1247 2979 1404 3048; x_wconf 90' lang='lat' dir='ltr'>nihil</span> <span class='ocrx_word' id='word_1_196' title='bbox 1450 3001 1775 3057; x_wconf 81' lang='lat' dir='ltr'>curamuS,</span> <span class='ocrx_word' id='word_1_197' title='bbox 1822 2981 1901 3044; x_wconf 82' lang='lat' dir='ltr'>ad</span> <span class='ocrx_word' id='word_1_198' title='bbox 1949 3003 2143 3064; x_wconf 86' lang='lat' dir='ltr'>quem</span> <span class='ocrx_word' id='word_1_199' title='bbox 2190 2983 2277 3046; x_wconf 91' lang='lat' dir='ltr'>sit</span> <span class='ocrx_word' id='word_1_200' title='bbox 2313 2974 2463 3043; x_wconf 77' lang='grc' dir='ltr'><strong><em>αἶσα</em></strong></span> <span class='ocrx_word' id='word_1_201' title='bbox 2510 2984 2573 3066; x_wconf 86' lang='lat' dir='ltr'>(i.</span> <span class='ocrx_word' id='word_1_202' title='bbox 2600 3004 2656 3045; x_wconf 90' lang='lat' dir='ltr'>e.</span> <span class='ocrx_word' id='word_1_203' title='bbox 2680 2983 2897 3065; x_wconf 85' lang='grc' dir='ltr'><strong><em>μοῖρα)</em></strong></span> 
     </span>
    </p>
   </div>
   <div class='ocr_carea' id='block_1_3' title="bbox 547 3093 2893 3178">
    <p class='ocr_par' dir='ltr' id='par_1_5' title="bbox 547 3093 2893 3178">
     <span class='ocr_line' id='line_1_24' title="bbox 547 3093 2893 3178; baseline 0.001 -22"><span class='ocrx_word' id='word_1_204' title='bbox 547 3110 556 3118; x_wconf 85' lang='grc'><em>·</em></span> <span class='ocrx_word' id='word_1_205' title='bbox 653 3093 1008 3169; x_wconf 72' lang='lat' dir='ltr'>reserenda,</span> <span class='ocrx_word' id='word_1_206' title='bbox 1057 3115 1206 3157; x_wconf 90' lang='lat' dir='ltr'>cum</span> <span class='ocrx_word' id='word_1_207' title='bbox 1254 3094 1631 3178; x_wconf 87' lang='lat' dir='ltr'>Aeschylus</span> <span class='ocrx_word' id='word_1_208' title='bbox 1681 3096 1821 3178; x_wconf 80' lang='lat' dir='ltr'>ipse</span> <span class='ocrx_word' id='word_1_209' title='bbox 1867 3096 2055 3158; x_wconf 90' lang='lat' dir='ltr'>nobis</span> <span class='ocrx_word' id='word_1_210' title='bbox 2102 3097 2347 3159; x_wconf 82' lang='lat' dir='ltr'>auxilia</span> <span class='ocrx_word' id='word_1_211' title='bbox 2394 3098 2607 3160; x_wconf 85' lang='lat' dir='ltr'>mittat</span> <span class='ocrx_word' id='word_1_212' title='bbox 2631 3113 2702 3162; x_wconf 84' lang='lat' dir='ltr'>&#39;v.</span> <span class='ocrx_word' id='word_1_213' title='bbox 2740 3097 2893 3175; x_wconf 85' lang='lat'>643,</span> 
     </span>
    </p>
   </div>
   <div class='ocr_carea' id='block_1_4' title="bbox 651 3204 2894 3516">
    <p class='ocr_par' dir='ltr' id='par_1_6' title="bbox 651 3204 2894 3516">
     <span class='ocr_line' id='line_1_25' title="bbox 651 3204 2894 3292; baseline 0 -21"><span class='ocrx_word' id='word_1_214' title='bbox 651 3208 759 3271; x_wconf 87' lang='lat' dir='ltr'>ubi</span> <span class='ocrx_word' id='word_1_215' title='bbox 822 3207 1074 3270; x_wconf 90' lang='lat' dir='ltr'>disertis</span> <span class='ocrx_word' id='word_1_216' title='bbox 1135 3209 1350 3271; x_wconf 83' lang='lat' dir='ltr'>verbis</span> <span class='ocrx_word' id='word_1_217' title='bbox 1398 3228 1660 3271; x_wconf 90' lang='lat' dir='ltr'>omnem</span> <span class='ocrx_word' id='word_1_218' title='bbox 1710 3204 2417 3284; x_wconf 68' lang='lat' dir='ltr'>dubitationem&#39;tollit.</span> <span class='ocrx_word' id='word_1_219' title='bbox 2513 3210 2609 3273; x_wconf 90' lang='lat' dir='ltr'>Ibi</span> <span class='ocrx_word' id='word_1_220' title='bbox 2658 3211 2894 3292; x_wconf 84' lang='lat' dir='ltr'>legitur</span> 
     </span>
     <span class='ocr_line' id='line_1_26' title="bbox 651 3321 1211 3405; baseline 0.004 -21"><span class='ocrx_word' id='word_1_221' title='bbox 651 3344 751 3385; x_wconf 88' lang='lat' dir='ltr'>vv.</span> <span class='ocrx_word' id='word_1_222' title='bbox 798 3321 1211 3405; x_wconf 84' lang='lat'><strong>640—645):</strong></span> 
     </span>
     <span class='ocr_line' id='line_1_27' title="bbox 1275 3429 2043 3516; baseline 0.001 -19"><span class='ocrx_word' id='word_1_223' title='bbox 1275 3436 1400 3508; x_wconf 75' lang='grc' dir='ltr'>τὼς</span> <span class='ocrx_word' id='word_1_224' title='bbox 1445 3435 1629 3510; x_wconf 74' lang='grc' dir='ltr'><strong><em>πόλις</em></strong></span> <span class='ocrx_word' id='word_1_225' title='bbox 1675 3429 1746 3499; x_wconf 77' lang='grc' dir='ltr'><strong><em>εὖ</em></strong></span> <span class='ocrx_word' id='word_1_226' title='bbox 1792 3435 2043 3516; x_wconf 78' lang='grc' dir='ltr'><strong><em>νέμοιτο</em></strong></span> 
     </span>
    </p>
   </div>
   <div class='ocr_carea' id='block_1_5' title="bbox 1273 3549 2089 3636">
    <p class='ocr_par' dir='ltr' id='par_1_7' title="bbox 1273 3549 2089 3636">
     <span class='ocr_line' id='line_1_28' title="bbox 1273 3549 2089 3636; baseline 0.004 -25"><span class='ocrx_word' id='word_1_227' title='bbox 1273 3553 1454 3628; x_wconf 83' lang='grc' dir='ltr'><strong><em>Ζῆνα</em></strong></span> <span class='ocrx_word' id='word_1_228' title='bbox 1500 3549 1697 3630; x_wconf 80' lang='grc' dir='ltr'><strong><em>μέγαν</em></strong></span> <span class='ocrx_word' id='word_1_229' title='bbox 1748 3553 2089 3636; x_wconf 82' lang='grc' dir='ltr'><strong><em>σεβόντων,</em></strong></span> 
     </span>
    </p>
   </div>
   <div class='ocr_carea' id='block_1_6' title="bbox 704 3688 851 3694">
    <p class='ocr_par' dir='ltr' id='par_1_8' title="bbox 704 3688 851 3694">
     <span class='ocr_line' id='line_1_29' title="bbox 704 3688 851 3694; baseline 0 0"><span class='ocrx_word' id='word_1_230' title='bbox 704 3688 851 3694; x_wconf 95' lang='lat' dir='ltr'> </span> 
     </span>
    </p>
   </div>
   <div class='ocr_carea' id='block_1_7' title="bbox 855 3690 1043 3696">
    <p class='ocr_par' dir='ltr' id='par_1_9' title="bbox 855 3690 1043 3696">
     <span class='ocr_line' id='line_1_30' title="bbox 855 3690 1043 3696; baseline 0 0"><span class='ocrx_word' id='word_1_231' title='bbox 855 3690 1043 3696; x_wconf 95' lang='lat' dir='ltr'> </span> 
     </span>
    </p>
   </div>
   <div class='ocr_carea' id='block_1_8' title="bbox 645 3722 2892 4553">
    <p class='ocr_par' dir='ltr' id='par_1_10' title="bbox 645 3722 2892 4553">
     <span class='ocr_line' id='line_1_31' title="bbox 723 3722 1690 3817; baseline 0.004 -21"><span class='ocrx_word' id='word_1_232' title='bbox 723 3749 768 3814; x_wconf 82' lang='grc'>1)</span> <span class='ocrx_word' id='word_1_233' title='bbox 808 3722 938 3798; x_wconf 72' lang='lat' dir='ltr'>Ecce</span> <span class='ocrx_word' id='word_1_234' title='bbox 971 3757 1104 3799; x_wconf 89' lang='lat' dir='ltr'>totus</span> <span class='ocrx_word' id='word_1_235' title='bbox 1135 3752 1276 3799; x_wconf 90' lang='lat' dir='ltr'>Iocus</span> <span class='ocrx_word' id='word_1_236' title='bbox 1305 3751 1409 3816; x_wconf 88' lang='lat' dir='ltr'><strong>(vv.</strong></span> <span class='ocrx_word' id='word_1_237' title='bbox 1447 3749 1690 3817; x_wconf 88' lang='lat'>71—74):</span> 
     </span>
     <span class='ocr_line' id='line_1_32' title="bbox 1017 3833 2529 3908; baseline 0.003 -19"><span class='ocrx_word' id='word_1_238' title='bbox 1017 3842 1175 3908; x_wconf 77' lang='grc' dir='ltr'><strong><em>ἀλλά,</em></strong></span> <span class='ocrx_word' id='word_1_239' title='bbox 1215 3845 1335 3892; x_wconf 76' lang='grc' dir='ltr'><strong><em>θεοὶ</em></strong></span> <span class='ocrx_word' id='word_1_240' title='bbox 1371 3845 1607 3908; x_wconf 76' lang='grc' dir='ltr'>γενέται,</span> <span class='ocrx_word' id='word_1_241' title='bbox 1646 3841 1824 3893; x_wconf 58' lang='grc' dir='ltr'><strong><em>κλύετ’</em></strong></span> <span class='ocrx_word' id='word_1_242' title='bbox 1860 3833 1919 3896; x_wconf 66' lang='grc' dir='ltr'><strong><em>εὖ</em></strong></span> <span class='ocrx_word' id='word_1_243' title='bbox 1959 3847 2013 3894; x_wconf 87' lang='grc' dir='ltr'>τὸ</span> <span class='ocrx_word' id='word_1_244' title='bbox 2050 3846 2260 3895; x_wconf 75' lang='grc' dir='ltr'><strong><em>δίκαιον</em></strong></span> <span class='ocrx_word' id='word_1_245' title='bbox 2294 3846 2529 3904; x_wconf 72' lang='grc' dir='ltr'><strong><em>ἰδόντες,</em></strong></span> 
     </span>
     <span class='ocr_line' id='line_1_33' title="bbox 1019 3931 2299 4005; baseline 0.004 -24"><span class='ocrx_word' id='word_1_246' title='bbox 1019 3938 1052 3999; x_wconf 77' lang='grc' dir='ltr'><em>ἡ</em></span> <span class='ocrx_word' id='word_1_247' title='bbox 1090 3938 1176 3982; x_wconf 79' lang='grc' dir='ltr'>καὶ</span> <span class='ocrx_word' id='word_1_248' title='bbox 1212 3941 1285 4002; x_wconf 78' lang='grc' dir='ltr'>μὴ</span> <span class='ocrx_word' id='word_1_249' title='bbox 1323 3936 1508 3984; x_wconf 72' lang='grc' dir='ltr'><strong><em>τέλεον</em></strong></span> <span class='ocrx_word' id='word_1_250' title='bbox 1545 3936 1738 3994; x_wconf 78' lang='grc' dir='ltr'><strong><em>δόντες</em></strong></span> <span class='ocrx_word' id='word_1_251' title='bbox 1775 3936 1917 4002; x_wconf 71' lang='grc' dir='ltr'><strong><em>ἔχειν</em></strong></span> <span class='ocrx_word' id='word_1_252' title='bbox 1952 3939 2082 4005; x_wconf 77' lang='grc' dir='ltr'>παρ’</span> <span class='ocrx_word' id='word_1_253' title='bbox 2120 3931 2299 3996; x_wconf 77' lang='grc' dir='ltr'><strong><em>αἶσαν,</em></strong></span> 
     </span>
     <span class='ocr_line' id='line_1_34' title="bbox 1019 4028 1869 4094; baseline 0 -16"><span class='ocrx_word' id='word_1_254' title='bbox 1019 4031 1181 4093; x_wconf 77' lang='grc' dir='ltr'><strong><em>ὕβριν</em></strong></span> <span class='ocrx_word' id='word_1_255' title='bbox 1217 4028 1272 4076; x_wconf 78' lang='grc' dir='ltr'>δ’</span> <span class='ocrx_word' id='word_1_256' title='bbox 1309 4029 1508 4088; x_wconf 61' lang='grc' dir='ltr'><strong><em>ἐτύμως</em></strong></span> <span class='ocrx_word' id='word_1_257' title='bbox 1546 4034 1869 4094; x_wconf 77' lang='grc' dir='ltr'><strong><em>στυγοῦντες</em></strong></span> 
     </span>
     <span class='ocr_line' id='line_1_35' title="bbox 1015 4119 1808 4186; baseline -0.003 -17"><span class='ocrx_word' id='word_1_258' title='bbox 1015 4119 1222 4169; x_wconf 72' lang='grc' dir='ltr'><strong><em>πέλοιτ’</em></strong></span> <span class='ocrx_word' id='word_1_259' title='bbox 1262 4119 1330 4170; x_wconf 80' lang='grc' dir='ltr'><strong><em>ἂν</em></strong></span> <span class='ocrx_word' id='word_1_260' title='bbox 1367 4119 1565 4170; x_wconf 66' lang='grc' dir='ltr'><strong><em>ἔνδικοι</em></strong></span> <span class='ocrx_word' id='word_1_261' title='bbox 1602 4122 1808 4186; x_wconf 82' lang='grc' dir='ltr'><strong><em>γάμοις.</em></strong></span> 
     </span>
     <span class='ocr_line' id='line_1_36' title="bbox 718 4210 2892 4279; baseline 0.002 -20"><span class='ocrx_word' id='word_1_262' title='bbox 718 4210 768 4276; x_wconf 89' lang='lat'>2)</span> <span class='ocrx_word' id='word_1_263' title='bbox 815 4211 920 4262; x_wconf 87' lang='lat' dir='ltr'>Csr.</span> <span class='ocrx_word' id='word_1_264' title='bbox 966 4212 1144 4276; x_wconf 71' lang='lat' dir='ltr'>Agant.</span> <span class='ocrx_word' id='word_1_265' title='bbox 1199 4213 1528 4277; x_wconf 86' lang='lat'>1465—1466</span> <span class='ocrx_word' id='word_1_266' title='bbox 1565 4216 1630 4278; x_wconf 88' lang='lat' dir='ltr'>(p.</span> <span class='ocrx_word' id='word_1_267' title='bbox 1665 4213 1769 4278; x_wconf 85' lang='lat'><strong>45).</strong></span> <span class='ocrx_word' id='word_1_268' title='bbox 1828 4213 1883 4263; x_wconf 88' lang='lat' dir='ltr'>Si</span> <span class='ocrx_word' id='word_1_269' title='bbox 1918 4213 2030 4279; x_wconf 91' lang='lat' dir='ltr'>quis</span> <span class='ocrx_word' id='word_1_270' title='bbox 2063 4219 2229 4262; x_wconf 86' lang='lat' dir='ltr'>autem</span> <span class='ocrx_word' id='word_1_271' title='bbox 2265 4212 2450 4261; x_wconf 72' lang='grc' dir='ltr'><strong><em>τέλεον</em></strong></span> <span class='ocrx_word' id='word_1_272' title='bbox 2486 4214 2549 4262; x_wconf 85' lang='lat' dir='ltr'>ad</span> <span class='ocrx_word' id='word_1_273' title='bbox 2587 4217 2646 4263; x_wconf 88' lang='grc' dir='ltr'>τὸ</span> <span class='ocrx_word' id='word_1_274' title='bbox 2682 4215 2892 4265; x_wconf 71' lang='grc' dir='ltr'><strong><em>δίκαιον</em></strong></span> 
     </span>
     <span class='ocr_line' id='line_1_37' title="bbox 645 4303 2458 4369; baseline 0.003 -20"><span class='ocrx_word' id='word_1_275' title='bbox 645 4303 713 4369; x_wconf 90' lang='lat' dir='ltr'>(v.</span> <span class='ocrx_word' id='word_1_276' title='bbox 751 4303 833 4365; x_wconf 90' lang='lat'>69)</span> <span class='ocrx_word' id='word_1_277' title='bbox 869 4303 1047 4352; x_wconf 84' lang='lat' dir='ltr'>referre</span> <span class='ocrx_word' id='word_1_278' title='bbox 1082 4306 1287 4363; x_wconf 85' lang='lat' dir='ltr'>mavult,</span> <span class='ocrx_word' id='word_1_279' title='bbox 1323 4321 1404 4353; x_wconf 89' lang='lat' dir='ltr'>me</span> <span class='ocrx_word' id='word_1_280' title='bbox 1438 4321 1541 4353; x_wconf 91' lang='lat' dir='ltr'>non</span> <span class='ocrx_word' id='word_1_281' title='bbox 1577 4305 1852 4354; x_wconf 88' lang='lat' dir='ltr'>admodum</span> <span class='ocrx_word' id='word_1_282' title='bbox 1888 4310 2254 4369; x_wconf 83' lang='lat' dir='ltr'>repugnantem</span> <span class='ocrx_word' id='word_1_283' title='bbox 2289 4305 2458 4354; x_wconf 86' lang='lat' dir='ltr'>habet.</span> 
     </span>
     <span class='ocr_line' id='line_1_38' title="bbox 716 4393 2892 4463; baseline 0.004 -22"><span class='ocrx_word' id='word_1_284' title='bbox 716 4393 766 4459; x_wconf 89' lang='lat'>3)</span> <span class='ocrx_word' id='word_1_285' title='bbox 835 4397 966 4454; x_wconf 81' lang='lat' dir='ltr'>Aut,</span> <span class='ocrx_word' id='word_1_286' title='bbox 1012 4396 1054 4443; x_wconf 82' lang='lat' dir='ltr'>si</span> <span class='ocrx_word' id='word_1_287' title='bbox 1108 4412 1218 4444; x_wconf 90' lang='lat' dir='ltr'>cum</span> <span class='ocrx_word' id='word_1_288' title='bbox 1270 4396 1554 4455; x_wconf 80' lang='lat' dir='ltr'>scholiasta,</span> <span class='ocrx_word' id='word_1_289' title='bbox 1605 4412 1754 4460; x_wconf 88' lang='lat' dir='ltr'>quem</span> <span class='ocrx_word' id='word_1_290' title='bbox 1807 4398 1956 4448; x_wconf 84' lang='lat' dir='ltr'>etiam</span> <span class='ocrx_word' id='word_1_291' title='bbox 2008 4397 2135 4463; x_wconf 70' lang='grc' dir='ltr'>παρ’</span> <span class='ocrx_word' id='word_1_292' title='bbox 2188 4397 2369 4461; x_wconf 83' lang='lat' dir='ltr'>legisse</span> <span class='ocrx_word' id='word_1_293' title='bbox 2420 4403 2568 4462; x_wconf 85' lang='lat' dir='ltr'>atque</span> <span class='ocrx_word' id='word_1_294' title='bbox 2604 4399 2892 4462; x_wconf 86' lang='lat' dir='ltr'>probavisse</span> 
     </span>
     <span class='ocr_line' id='line_1_39' title="bbox 647 4480 2804 4553; baseline 0.003 -19"><span class='ocrx_word' id='word_1_295' title='bbox 647 4492 869 4551; x_wconf 83' lang='lat' dir='ltr'>apparet,</span> <span class='ocrx_word' id='word_1_296' title='bbox 905 4480 1065 4535; x_wconf 76' lang='grc' dir='ltr'><strong><em>αἶσαν</em></strong></span> <span class='ocrx_word' id='word_1_297' title='bbox 1100 4488 1477 4550; x_wconf 84' lang='lat' dir='ltr'>interpretamur</span> <span class='ocrx_word' id='word_1_298' title='bbox 1515 4491 1617 4552; x_wconf 82' lang='grc' dir='ltr'>τὴν</span> <span class='ocrx_word' id='word_1_299' title='bbox 1652 4490 1754 4538; x_wconf 76' lang='grc' dir='ltr'>τῶν</span> <span class='ocrx_word' id='word_1_300' title='bbox 1790 4488 2208 4553; x_wconf 75' lang='grc' dir='ltr'><strong><em>Αῑγωττιαδῶν,</em></strong></span> <span class='ocrx_word' id='word_1_301' title='bbox 2258 4495 2495 4538; x_wconf 85' lang='lat' dir='ltr'>contra</span> <span class='ocrx_word' id='word_1_302' title='bbox 2540 4496 2804 4540; x_wconf 83' lang='lat' dir='ltr'>sortem.</span> 
     </span>
    </p>
   </div>
  </div>
 </body>
</html>
