3442 4975
1729 392 1809 458 32

639 588 821 629 mum
868 569 1191 649 pertinere
1236 559 1557 644 videntur,
1608 575 1900 629 nostram
1940 566 2021 627 de
2052 563 2371 645 Aeschyli
2403 564 2896 627 monotheismo

633 682 1012 763 opinionem
1081 680 1530 756 corroborant,
1593 700 1808 763 eoque
1876 680 2043 761 ipso,
2118 678 2300 761 quod
2370 678 2427 739 ei
2502 679 2616 753 rei,
2691 698 2918 761 quam·

637 794 962 857 debebant
1055 795 1426 871 defendere,
1523 802 1912 875 repugnant,
2008 813 2315 874 magnam
2402 791 2537 854 vim
2608 792 2897 854 veritatis

640 928 792 970 cum
865 906 1349 971 monotheismo
1397 909 1694 971 facientis
1745 910 2217 972 demonstrant.
2307 907 2674 971 Sescenties
2722 908 2897 970 enim

569 1028 573 1033 '
637 1022 701 1083 in
762 1019 1081 1103 Aeschyli
1142 1021 1494 1103 tragoediis
1541 1043 1680 1083 vox
1737 1023 1873 1081 θεοὶ
1922 1042 2196 1085 numero
2244 1022 2481 1104 plurali
2529 1021 2891 1085 adhibetur.

637 1136 735 1197 At
801 1137 854 1197 si
924 1134 1146 1217 plures
1215 1145 1369 1199 sunt
1438 1136 1550 1212 dii,
1598 1135 1664 1199 hi
1715 1156 1973 1199 ommes
2021 1137 2312 1199 diversas
2360 1144 2625 1198 naturas
2675 1136 2887 1198 diver-

636 1269 912 1332 samque
979 1250 1341 1331 potentiam
1412 1248 1652 1313 habere
1712 1249 1959 1313 debent
2019 1250 2345 1333 (exceptis
2392 1247 2527 1311 scil.
2578 1249 2673 1325 iis,
2725 1268 2895 1331 quae

637 1362 907 1424 omnino
977 1362 1062 1425 ad
1133 1363 1424 1425 divinam
1495 1372 1794 1426 naturam
1865 1361 2242 1447 pertinent).
2338 1362 2541 1444 Quod
2604 1362 2692 1425 ita
2754 1382 2897 1424 esse

638 1477 962 1551 videmur-3,
1039 1476 1148 1538 ubi
1199 1477 1282 1539 de
1328 1478 1520 1539 certis
1567 1478 1684 1539 diis
1732 1486 1832 1540 est
1877 1498 2116 1541 serm0.
2188 1476 2299 1539 Sic
2344 1498 2400 1539 e.
2450 1496 2548 1558 gr.
2612 1475 2894 1537 multum

639 1590 911 1652 i’nterest
973 1590 1136 1651 inter
1185 1590 1562 1652 Vulcanum
1611 1600 1674 1654 et
1721 1591 2075 1667 Venerem,
2125 1591 2404 1652 Martem
2452 1598 2517 1652 et
2568 1587 2894 1663 Cererem,

641 1702 1046 1765 Mercurium
1121 1712 1186 1766 et
1258 1703 1643 1780 Minervam,
1715 1704 1803 1767 ita
1867 1713 1938 1767 ut
2001 1705 2285 1787 quisque
2330 1703 2569 1766 horum
2619 1703 2894 1765 deorum

637 1836 826 1878 suam
914 1816 1248 1898 propriam
1319 1815 1556 1879 habeat
1625 1826 1947 1880 naturam.
2017 1818 2146 1882 Ubi
2218 1826 2437 1880 tamen
2484 1815 2733 1899 aliquid
2800 1815 2885 1877 ad

636 1930 977 1993 universos
1053 1918 1212 1992 deos
1287 1931 1575 2007 refertur,
1648 1931 1710 1993 hi
1759 1952 1993 1994 omnes
2042 1952 2238 1993 unam
2287 1930 2591 1993 videntur
2636 1930 2893 1992 efficere

637 2064 1006 2125 personam,
1045 2044 1102 2127 1)
1150 2046 1390 2127 singuli
1439 2056 1660 2109 autem
1689 2047 1829 2109 eius
1856 2055 2071 2128 partes
2099 2066 2267 2119 esse,
2296 2066 2467 2128 quae
2492 2046 2717 2127 opinio
2746 2066 2899 2107 con-

639 2158 928 2221 firmatur
997 2180 1099 2237 e0,
1162 2160 1345 2243 quod
1409 2182 1607 2224 unam
1655 2161 2063 2243 eandemque
2112 2180 2250 2222 rem
2298 2159 2500 2222 modo
2549 2159 2633 2221 ad
2685 2179 2888 2221 unum

636 2273 835 2335 deum
907 2273 1324 2357 (plerumque
1391 2275 1662 2357 Iovem),
1731 2275 1931 2337 modo
1990 2275 2075 2337 ad
2123 2284 2399 2337 cunctos
2445 2274 2609 2335 deos
2656 2274 2877 2336 referri

633 2385 953 2461 videmuS,
1035 2388 1208 2449 unde
1277 2388 1498 2469 colligi
1569 2397 1788 2470 potest
1855 2409 2087 2451 vocem
2160 2390 2294 2447 θεοὶ
2355 2386 2521 2469 plur.
2570 2406 2750 2448 num.
2799 2408 2887 2448 ex

634 2508 852 2562 vetere
956 2501 1429 2564 consuetudine
1519 2502 1838 2578 adhiberi,
1930 2503 2340 2584 Aeschylum
2434 2510 2652 2564 tamen
2747 2499 2889 2560 reli-

637 2615 834 2694 gione
883 2634 1211 2697 quaquam
1259 2635 1391 2677 non
1441 2615 1835 2697 impeditum
1870 2615 2087 2690 fuisse,
2137 2616 2294 2698 quin
2334 2614 2455 2677 hos
2479 2613 2701 2696 plures
2730 2613 2889 2674 deos

641 2728 708 2788 in
795 2749 997 2790 unum
1080 2728 1276 2792 deum
1348 2729 1689 2812 redigeret.
1787 2730 1896 2794 Sic
1967 2731 2138 2794 Pers,
2212 2730 2363 2806 216,
2438 2738 2507 2792 ut
2576 2727 2887 2809 exemplo

637 2848 799 2916 utar,
872 2838 1112 2903 chorus
1181 2842 1415 2906 suadet
1476 2843 1782 2919 Atossae‚
1834 2853 1904 2907 ut
1952 2844 2261 2907 omnibus
2309 2845 2497 2906 diis
2544 2842 2887 2925 supplicet,

633 2975 697 3016 v.
771 2969 893 3036 345
970 2955 1100 3017 dii
1170 2967 1428 3021 servant
1497 2957 1823 3036 AthenaS,
1892 2981 1954 3022 v.
2027 2957 2159 3022 360
2226 2958 2485 3020 Xerxes
2555 2957 2887 3020 obnoxius

633 3067 829 3130 fuisse
876 3068 1112 3132 dicitur
1181 3070 1568 3134 deorum
1655 3072 1957 3150 invidiae,
2022 3093 2084 3136 v.
2152 3088 2270 3154 371
2355 3072 2595 3134 Xerxis
2663 3069 2887 3132 clades

633 3183 706 3243 τὸ
773 3179 1004 3261 μέλλον
1075 3184 1139 3244 ἐκ
1211 3189 1312 3244 θε
1341 3185 1389 3244 ὡ
1419 3205 1452 3245 v
1525 3186 1793 3263 dicitur;
1860 3207 1921 3249 v.
1970 3197 2101 3265 452
2149 3194 2368 3248 tamen
2417 3185 2583 3248 hanc
2629 3185 2883 3246 cladem

635 3319 841 3361 unus
888 3298 1090 3360 deus
1137 3297 1366 3374 effecit,
1414 3323 1476 3362 v.
1523 3316 1658 3379 470
1705 3297 2026 3378 δαίμων
2074 3299 2157 3362 ab
2206 3301 2453 3362 Atossa
2500 3298 2885 3361 calamitatis

631 3432 824 3474 causa
892 3420 1182 3489 vocatur,
1250 3420 1319 3474 ut
1366 3413 1561 3475 etiam
1608 3434 1668 3475 v.
1725 3426 1844 3492 513
1896 3434 1935 3476 a
1982 3413 2184 3477 choro
2236 3413 2325 3490 fit,
2396 3414 2506 3496 qui
2556 3421 2773 3475 tamen
2824 3433 2885 3477 v.

637 3539 762 3605 530
809 3524 966 3587 dicit
1036 3524 1318 3588 Iovem
1384 3527 1747 3589 exercitum
1816 3528 2161 3591 Persarum
2209 3528 2588 3609 perdidisse.
2641 3528 2703 3610 2)
2777 3527 2886 3592 Sic

706 3731 751 3796 1)
801 3733 1176 3797 Naegelsbach,
1233 3734 1301 3786 N.
1359 3735 1428 3785 H.
1465 3735 1561 3785 Th.
1599 3753 1647 3801 p.
1686 3748 1801 3800 345,
1843 3751 1931 3798 14:
1968 3737 2121 3797 „Und
2158 3753 2325 3799 wenn,
2360 3754 2463 3788 was
2498 3739 2574 3788 ost
2607 3739 2885 3805 geschieht,

635 3823 724 3872 der
779 3823 989 3889 Vollzug
1040 3825 1175 3874 einer
1223 3827 1383 3876 Strase
1435 3827 1534 3876 den
1581 3827 1793 3877 Gottern
1838 3828 1906 3876 im
1944 3829 2282 3893 Algemeinen
2318 3832 2710 3896 zugeschrieben
2744 3831 2884 3890 wird,

631 3931 687 3964 so
739 3917 933 3966 erlaubt
985 3917 1075 3966 der
1109 3917 1243 3966 oben
1277 3918 1345 3980 11,
1383 3932 1462 3981 22,
1501 3933 1529 3967 2
1565 3919 1859 3984 dargelegte
1896 3921 2132 3970 Wechsel
2167 3922 2259 3970 der
2295 3923 2745 3987 polytheistischen
2780 3922 2883 3971 und

631 4007 1111 4056 monotheistischen
1144 4009 1588 4060 Ausdrucksweise
1623 4013 1984 4074 anzunehmen,
2026 4013 2141 4062 dass
2177 4014 2268 4061 mit
2302 4014 2420 4063 dem
2459 4016 2725 4064 Ausdruck
2766 4016 2883 4063 θεοὶ

633 4101 718 4149 die
755 4101 984 4150 Gottheit
1019 4101 1297 4167 uberhaupt
1329 4103 1552 4167 gemeint
1586 4103 1673 4168 sei,
1709 4104 1824 4152 dass
1859 4105 1979 4154 aber
2009 4105 2152 4169 jeder
2188 4105 2419 4166 Grieche,
2454 4108 2545 4156 der
2577 4108 2699 4168 sich,
2737 4122 2881 4156 wenn

630 4209 732 4241 von
781 4192 1043 4258 giittlicher
1079 4192 1242 4242 Strafe
1277 4193 1347 4241 im
1384 4194 1741 4259 Allgemeinen
1778 4195 1861 4245 die
1899 4195 2043 4245 Rede
2078 4196 2155 4255 ist,
2190 4197 2303 4246 eine
2339 4197 2618 4247 bestimmte
2655 4198 2884 4247 Gottheit

629 4284 704 4332 als
737 4283 956 4333 strasend
992 4284 1194 4334 denken
1229 4285 1417 4346 wollte,
1452 4287 1631 4350 gewiss
1668 4303 1760 4336 nur
1793 4287 1885 4336 auf
1913 4288 2040 4337 Zeus
2076 4288 2317 4338 versallen
2356 4289 2542 4338 νῶι-εἶ’

699 4379 748 4438 2)
820 4376 970 4438 Quod
1021 4394 1066 4425 v.
1105 4389 1200 4442 352
1253 4379 1457 4427 nuntius
1511 4379 1785 4445 ἀλάστορα
1840 4379 2063 4429 nominat
2114 4389 2163 4430 et
2214 4397 2261 4433 v.
2302 4393 2399 4446 549
2436 4383 2628 4430 Xerxes
2662 4399 2691 4430 a
2725 4382 2881 4430 choro

631 4466 814 4515 dicitur
862 4469 1127 4517 exercitum
1184 4469 1443 4519 Persarum
1494 4470 1783 4536 perdidisse,
1836 4471 2081 4535 possimus
2135 4473 2320 4523 addere
2382 4474 2603 4522 Graecos
2654 4479 2879 4520 auctores
