3442 4975
1730 406 1810 484 52.

645 582 708 659 (i.
757 600 810 642 e.
873 580 1008 661 ipse
1077 577 1281 660 Ζειίς),
1352 577 1775 661 fungebatur,
1837 576 2076 659 quibus
2139 596 2370 641 omnes
2420 598 2520 639 res
2568 576 2893 641 humanae

644 694 977 778 obnoxiae
1040 702 1212 785 sunt,
1284 714 1414 756 non
1462 692 1626 770 Iovi,
1679 700 1750 754 ut
1796 692 1860 754 in
1919 712 2117 773 supra
2161 692 2451 755 tractatis
2498 691 2889 775 tragoediis;

645 818 948 893 quaeque
1038 808 1338 871 homines
1427 826 1549 889 pro
1642 825 1875 868 eorum
1959 805 2349 869 facinoribus
2416 806 2601 869 iustis
2666 808 2895 888 poenis

644 923 952 1000 afficiunt,
1001 922 1090 985 ita
1138 930 1209 985 ut
1253 929 1391 985 tota
1438 939 1666 985 eorum
1713 920 1889 983 salus
1937 920 2002 982 in
2051 920 2263 983 Parcis
2311 920 2395 983 sit
2442 921 2655 1003 posita
2680 940 2895 1003 neque

645 1040 776 1129 iarn
845 1059 1013 1121 opus
1085 1058 1238 1107 esse„
1298 1037 1592 1102 videatur
1663 1036 1949 1120 reliquos
2008 1038 2168 1101 deos
2228 1058 2476 1115 curare,
2524 1037 2893 1101 dummodo

645 1152 945 1216 homines
1015 1150 1302 1234 Μοίραις
1369 1151 1779 1215 satisfaciant.
1851 1150 2168 1221 Attamen
2238 1174 2298 1219 ν.
2346 1168 2479 1233 939
2527 1150 2755 1235 reliqui
2805 1152 2891 1214 dii

646 1266 970 1348 implorati
1039 1268 1168 1335 iam
1239 1274 1398 1353 sunta
1458 1264 1543 1329 ab
1613 1266 1769 1348 ipsis
1840 1266 2013 1328 Diris
2082 1264 2201 1352 (sic
2273 1286 2514 1349 nomen
2573 1268 2892 1346 Ἐρινύων

644 1389 894 1445 vertere
915 1378 1177 1462 placet)
1224 1401 1330 1443 vv.
1377 1397 1420 1460 9
1427 1396 1460 1460 3
1470 1379 1644 1461 8—9
1650 1396 1735 1467 379
1755 1401 1769 1442 :

734 1490 1049 1555 νεανίδων
1098 1496 1158 1553 τ’
1207 1493 1545 1575 ἐπηράτων
2030 1576 2035 1579 Ι

763 1668 768 1671 ,
830 1604 1238 1689 ἀνδροτυχεῖς
1280 1606 1536 1690 βιότους
1580 1603 1746 1684 δότε,
1796 1609 1953 1688 κύρι’
2000 1605 2273 1689 ἔχοντες,

647 1732 712 1789 et
755 1744 819 1787 w
868 1738 998 1803 952
1048 1723 1209 1793 Ζεύς
1255 1742 1294 1784 a
1340 1722 1635 1785 Minerva
1681 1722 1891 1784 victor
1937 1725 2257 1803 Ἐρινύων
2296 1721 2579 1785 evasisse
2619 1720 2889 1785 dicitur:

1182 1832 1324 1897 ἀλλ’
1371 1836 1671 1917 ἐκράτησε
1719 1836 1877 1908 Ζεύς
1923 1834 2235 1917 ἀγοραῖος.

735 1950 893 2024 Ζεύς
955 1952 1150 2033 igitur
1199 1950 1481 2035 Erinyes
1525 1952 1700 2030 vicit,
1749 1952 1787 2016 i.
1835 1972 1889 2017 e.
1936 1952 2108 2034 ipsas
2156 1949 2433 2032 Μοίρας.
2530 1950 2890 2031 Postquam

648 2067 822 2129 enim
915 2066 1190 2149 Erinyes
1283 2066 1348 2129 in
1438 2066 1687 2155 templo
1757 2066 2092 2148 Apollinis
2164 2066 2540 2148 consopitae
2610 2071 2764 2128 sunt
2830 2071 2895 2125 et

650 2160 917 2243 Orestes
965 2200 1069 2246 ‚ex
1143 2199 1224 2243 eo
1293 2181 1519 2258 evasit,
1588 2179 1921 2263 pauloque
1989 2188 2141 2262 post
2186 2181 2464 2261 Erinyes
2508 2179 2590 2242 ab
2640 2177 2895 2262 Clytae-

650 2302 925 2357 mestrae
993 2294 1187 2357 idolo·
1241 2314 1321 2357 ex
1383 2315 1617 2357 somno
1676 2303 1839 2360 sunt
1882 2295 2223 2378 excitatae,
2273 2295 2473 2357 iratae
2519 2276 2680 2355 deae
2726 2291 2892 2355 hanc

649 2428 788 2471 rem
835 2406 1127 2489 Apollini
1175 2408 1519 2491 imputant,
1569 2409 1859 2472 dicentes
1906 2409 1991 2493 (v.
2048 2406 2230 2491 150):

1006 2518 1138 2593 νέος
1185 2518 1251 2582 δὲ
1296 2521 1522 2603 γραίας
1571 2520 1878 2603 δαίμονας
1924 2525 2349 2584 καθιππάσω·

649 2635 831 2718 quod
895 2636 1076 2698 idem
1145 2645 1367 2699 tamen
1435 2659 1502 2704 ν.
1575 2653 1696 2717 172
1756 2638 1845 2699 sie
1892 2637 2299 2719 exprimunt:
2372 2631 2780 2712 παλαιγενεῖς
2827 2631 2892 2695 δὲ

650 2747 911 2830 Μοίρα,,ι
977 2748 1235 2830 φθίσας.
1329 2750 1444 2813 Ad
1514 2771 1712 2834 quem
1790 2771 2052 2815 versum
2122 2748 2525 2814 Scholiastes
2592 2757 2894 2812 annotat:

650 2868 830 2944 ἡμᾶς,
874 2864 1020 2924 ὅσον
1069 2863 1173 2924 ἐπὶ
1225 2861 1339 2924 σοί.
1390 2864 1476 2927 Et
1514 2873 1686 2928 recte
1713 2865 1998 2958 quidem.
2052 2864 2207 2944 Hoc
2231 2863 2580 2926 enimloco
2613 2863 2894 2944 Erinyes

649 2997 1006 3060 earumque
1052 2996 1308 3040 sorores
1356 2979 1602 3058 Μοῖραι
1649 2979 1923 3041 eaedem
1963 2978 2129 3041 deae
2154 2998 2296 3040 esse
2326 2977 2643 3042 videntur.
2693 2976 2895 3058 Quod

651 3093 846 3156 etiam
905 3092 955 3154 si
1019 3092 1166 3174 quis
1215 3112 1456 3175 negare
1503 3091 1674 3171 velit,
1723 3073 1944 3156 tatnen
1991 3113 2124 3186 non
2172 3092 2383 3173 facere
2428 3091 2687 3174 poterit,
2736 3091 2896 3173 quin

651 3205 969 3269 concedat
1061 3206 1126 3268 in
1209 3206 1507 3270 versibus
1579 3205 1857 3271 laudatis
1925 3208 2079 3285 vim,
2150 3206 2331 3269 Diris
2400 3205 2665 3283 illatam,
2736 3205 2896 3286 ipsis

652 3317 937 3400 Μοίραις
995 3318 1250 3396 illatam
1314 3297 1461 3383 dici.
1554 3318 1767 3384 Simul
1816 3341 1900 3384 ex
1948 3302 2078 3383 hoc
2125 3320 2273 3384 loco
2321 3328 2590 3404 apparet
2637 3317 2899 3400 Μοίρας

652 3455 784 3504 non
842 3433 1058 3499 solum
1106 3433 1188 3499 ab
1237 3433 1395 3498 Iove
1441 3434 1557 3497 sed
1603 3437 1799 3498 etiam
1840 3436 1929 3512 ⁴ab
1976 3436 2116 3498 eius
2164 3434 2297 3497 filio
2345 3434 2658 3517 Apolline
2703 3434 2893 3498 vinci.

649 3549 796 3611 Nec
834 3549 1132 3610 -mirum.-
1231 3546 1670 3631 Quamquam·
1722 3551 1894 3612 enim
1964 3550 2046 3613 ab
2118 3550 2297 3612 Diris
2362 3548 2898 3612 honeratissimae

652 3661 929 3724 deorum
1020 3660 1341 3739 dicuntur,
1395 3660 1596 3742 hoc,
1655 3683 1917 3727 summo
2002 3663 2255 3727 honore
2323 3663 2589 3727 minime
2658 3663 2898 3746 dignae

653 3775 980 3853 videntur,
1027 3794 1179 3838 nam
1227 3774 1379 3858 licet
1425 3795 1654 3850 omnes
1681 3798 1809 3840 -res
1854 3776 2176 3842 humanas
2224 3778 2897 3872 gubernenthasque

653 3888 823 3969 hanc
890 3889 976 3952 ob
1047 3910 1184 3960 rem
1257 3890 1786 3973 vigilant-issimas
1848 3914 1991 3956 esse
2052 3900 2372 3977 oporteat,
2432 3914 2495 3956 ν.
2544 3905 2675 3974 714
2720 3893 2898 3974 ipsae

655 4004 932 4086 Erinyes
1001 4003 1300 4086 Apollini
1371 4005 1743 4069 concedunt·
1804 4006 2064 4088 Μοίρας
2119 4006 2200 4070 ab
2248 4028 2328 4069 eo
2377 3991 2682 4088 deceptas
2730 4026 2896 4079 esse,

653 4138 786 4200 quo
833 4117 999 4181 facto
1051 4117 1336 4181 Pheretis
1382 4118 1550 4182 filius
1597 4141 1633 4182 e
1680 4122 2061 4184 necessitate
2103 4120 2423 4183 moriendi
2462 4128 2603 4183 tum
2631 4119 2897 4203 quidem

653 4231 1124 4296 extraheretur.
1197 4233 1284 4295 Et
1329 4234 1691 4316 quomodo
1740 4234 2049 4316 deceptae
2094 4234 2277 4298 sunt!
2330 4234 2608 4364 Erinyes
2658 4254 2717 4296 ν.
2766 4245 2899 4314 714

654 4345 727 4405 τὸ
774 4342 1120 4422 ,,πείθειν”
1170 4347 1538 4409 nominant:

965 4456 1231 4540 Μοίρας
1275 4457 1534 4531 ἔπεισα,-
1581 4445 1904 4539 οἱφθίτοί),ι
1952 4464 2166 4521 θεῖναι
2215 4461 2503 4544 βροτούς,
