3442 4975
1693 369 1817 416 120
1915 407 1920 411 .

873 542 1077 618 μήτηρ
1125 540 1242 618 γὰρ
1295 541 1471 609 οὔτις
1519 539 1691 599 ἐστι’-ν
1740 540 1778 617 ἢ
1823 537 1889 617 μ’
1934 539 2242 615 ἐγείνατο,

879 652 953 712 τὸ
998 649 1058 712 δ’
1106 654 1298 732 ἄρσεν
1347 653 1512 712 aiv&
1561 656 1807 729 πάντα,
1856 647 2025 730 πλὴν
2072 655 2278 731 γάμου
2324 657 2569 732 τυχεῖν,

875 764 1132 825 ἅπαντι
1182 769 1393 846 θυμῷ,
1443 768 1648 845 κάρτα
1695 761 1752 826 δ’
1804 765 1929 846 εΐμὶ
1984 775 2095 828 τοῦ
2146 769 2406 846 πατρὸς.

665 891 846 980 ‚Ipse
915 891 1196 973 denique
1265 891 1424 963 Ζεύς
1495 891 1751 954 videtur
1820 891 2059 954 iniuste
2125 893 2361 973 egisse,
2409 913 2561 954 cum
2610 903 2861 975 patrem

613 1021 819 1085 regno
887 1001 1149 1066 caelesti
1217 1004 1424 1081 eiecit,
1473 1007 1658 1068 cuius
1703 1005 1796 1067 rei
1846 1005 2124 1088 Erinyes
2170 1007 2571 1069 mentionem
2620 1007 2868 1071 faciunt

606 1117 804 1204 Eum.
853 1116 1246 1198 630—631:

878 1230 1123 1311 namo,-
1171 1240 1452 1312 προτιμᾷ
1501 1232 1660 1304 Ζεῦι,ἱ
1707 1235 1899 1312 μόρον
1947 1234 2040 1314 τῷ
2084 1234 2175 1293 σῶ
2222 1227 2409 1312 λόγῳ,

883 1343 1077 1416 αὐτὸς
1124 1343 1182 1405 6³
1231 1341 1412 1425 ἔδησε
1461 1341 1710 1424 πατέρα
1758 1346 2123 1429 πρεσβύτην
2172 1347 2447 1426 Κρόνον.

703 1463 835 1532 Sed
883 1471 1065 1552 quod
1108 1471 1191 1532 ad
1238 1471 1525 1552 primum
1574 1470 1656 1532 de
1691 1469 2007 1552 Apolline
2032 1470 2277 1548 locum,
2306 1474 2620 1536 memoria
2645 1483 2863 1536 tenen-

618 1583 778 1645 dum
849 1593 965 1659 est,
1028 1583 1190 1646 haec
1236 1584 1435 1647 verba
1479 1581 1636 1646 nihil
1683 1584 1804 1646 nisi
1852 1585 2369 1647 additamentum
2416 1605 2563 1648 esse
2610 1601 2864 1662 eorum,

618 1717 788 1779 quae
856 1697 1268 1771 antecedunt,
1339 1696 1580 1778 quibus
1646 1696 1898 1778 Apollo
1968 1697 2097 1760 iam
2146 1690 2401 1760 efficere
2448 1707 2722 1760 conatus
2768 1706 2870 1759 est

619 1831 890 1874 causam
963 1808 1236 1873 Orestae
1306 1811 1541 1873 iustam
1605 1830 1768 1887 esse,
1829 1811 1917 1872 ita
1965 1819 2035 1873 ut
2080 1809 2243 1873 haec
2288 1819 2621 1893 postrema
2666 1811 2867 1874 verba

621 1945 752 1986 non
798 1906 1020 2006 magni
1055 1925 1180 1986 sint
1204 1924 1542 1989 momenti.
1592 1923 1767 2004 Quia
1790 1933 2009 1987 tamen
2035 1923 2189 1987 talia
2214 1921 2335 1996 ἔξω
2360 1930 2473 1985 τοῦ
2500 1927 2873 2006 πράγματος

623 2038 795 2100 dicta
861 2039 928 2099 in
975 2036 1335 2120 Areopago
1381 2057 1514 2100 non
1561 2036 2096 2114 admittebantur,
2143 2036 2421 2100 fortasse
2465 2043 2646 2100 ‘recte
2694 2037 2867 2100 Weil

619 2151 990 2233 suspicatus
1037 2161 1134 2215 est
1180 2151 1291 2212 illa
1336 2149 1665 2232 Apollinis
1695 2149 1898 2214 verba
1917 2169 2066 2212 esse
2091 2142 2386 2215 delenda.
2422 2149 2477 2232 1)
2530 2149 2870 2213 Minervae

621 2274 841 2328 autem
912 2265 1110 2328 verba
1171 2283 1305 2327 non
1351 2259 1655 2328 videntur
1699 2263 2067 2346 significare
2107 2282 2258 2327 eam
2307 2262 2614 2327 Orestam
2661 2264 2870 2327 absol-

622 2379 1023 2461 vere„quod
1071 2379 1211 2462 ipsa
1255 2397 1388 2440 non
1437 2387 1710 2441 matrem
1759 2377 2058 2442 habuerit
2078 2389 2279 2462 atque
2304 2377 2473 2442 hanc
2496 2377 2583 2442 ob
2606 2398 2870 2444 causam

632 2501 872 2556 matres
947 2494 1216 2556 omnino
1286 2512 1418 2556 non
1487 2503 1689 2569 curet,
1760 2496 1877 2557 sed
1938 2496 2003 2558 id
2050 2498 2293 2577 potius»,
2340 2496 2540 2578 patris
2580 2516 2871 2571 causam,

625 2608 780 2689 quia
850 2606 954 2669 hic
1016 2607 1255 2669 rectius
1303 2606 1658 2669 liberorum
1705 2608 1965 2689 genitor
2008 2608 2372 2690 appelletur
2414 2626 2617 2691 quam
2666 2617 2871 2671 mater

624 2719 952 2803 huiusque
1003 2719 1322 2781 condicio
1393 2720 1602 2782 multo
1665 2724 1872 2803 'quam
1939 2721 2113 2783 villius
2182 2721 2441 2787 inferior
2502 2723 2605 2799 sit,
2674 2720 2873 2802 longe

626 2834 850 2896 matris
897 2851 1132 2895 causae
1177 2832 1705 2913 anteponendam
1751 2853 1913 2895 esse.

713 2945 826 3008 Ad
873 2945 1135 3009 tertium
1181 2944 1446 3008 tandem
1495 2944 1715 3009 locum
1766 2965 2007 3008 moneo
2054 2946 2307 3023 Iovem,
2348 2954 2604 3029 patrem
2656 2946 2872 3029 Δίκης,

625 3062 679 3123 si
727 3060 876 3143 'quis
921 3058 1088 3123 alius
1133 3058 1314 3135 deuS‚
1361 3057 1709 3141 Aeschylo
1754 3060 1997 3122 iustum
2045 3062 2257 3123 visum
2300 3081 2443 3123 esse
2471 3060 2875 3142 Apollinem·

627 3196 756 3259 que
817 3174 986 3237 hanc
1028 3174 1200 3237 Iovis
1248 3173 1556 3237 iustitiam
1601 3174 1768 3236 tueri
1814 3193 1916 3248 e0,
1965 3175 2362 3256 quod-dicat
2407 3174 2661 3238 vincula
2706 3175 2873 3238 solvi
2912 3261 2917 3266 ¹

625 3310 819 3372 posse
865 3294 1056 3370 (quae
1103 3308 1260 3349 sane
1306 3287 1370 3377 in
1417 3287 1628 3349 Prom.
1676 3285 1937 3349 liberato
1981 3286 2383 3370 solvuntur);
2434 3289 2639 3351 iustas
2677 3309 2875 3370 porro

626 3422 858 3464 causas
899 3402 1168 3482 cogitari
1196 3419 1413 3481 posse,
1438 3420 1557 3461 cur
1579 3410 1827 3481 patera
1854 3398 1983 3461 filio
2008 3400 2358 3476 vinciatur;
2408 3400 2569 3463 deos
2593 3400 2877 3482 denique

629 3512 1028 3595 antiquiores
1068 3510 1410 3595 Aeschylo
1435 3510 1612 3574 haud
1640 3511 1938 3593 religioni
1964 3514 2165 3576 fuisse
2191 3513 2363 3595 (vide
2384 3535 2447 3595 p.
2482 3515 2876 3597 102—103).

629 3628 760 3693 Sed
811 3628 940 3689 iam
988 3626 1331 3690 videamus
1378 3625 1487 3687 illa
1533 3626 1656 3687 dea
1705 3625 1869 3707 Δίκη
1915 3626 2076 3708 quid
2122 3627 2241 3690 sibi
2288 3626 2460 3690 velit.

720 3738 886 3821 Δίκη
950 3740 1147 3821 igitur
1215 3738 1343 3801 filia
1412 3739 1649 3801 dicitur
1719 3738 1898 3802 Iovis
1964 3740 2133 3820 bept.
2205 3740 2370 3820 645:
2436 3746 2477 3821 η’
2524 3741 2677 3813 Διιὸ,ἱ
2723 3746 2879 3813 παῖς

633 3850 961 3935 παρθένος
1011 3851 1175 3934 Δίκη
1221 3861 1287 3915 et
1337 3851 1608 3933 Ckok'ph.
1653 3870 2047 3934 941-942:

990 3967 1142 4039 Διὸ,.,ἱ
1188 3970 1362 4048 κόρα·
1413 3965 1623 4027 Δίκαν
1671 3963 1739 4028 δέ
1788 3988 1890 4028 νιν

989 4082 1531 4162 προσαγορεύομεν
1578 4082 1793 4165 βροτοὶ
1842 4084 2145 4163 τυχόντες
2193 4077 2420 4154 καλῶς.

723 4196 810 4259 Et
876 4197 1057 4278 quasi
1132 4216 1356 4258 revera
1431 4195 1649 4258 divina
1718 4204 1889 4257 esset
1953 4216 2255 4277 persona,
2324 4197 2384 4258 ei
2447 4197 2568 4279 ipsi
2640 4217 2878 4259 munus

707 4417 754 4483 1)
787 4416 870 4467 Sic
905 4417 1058 4467 etiam
1093 4416 1374 4480 Wecklein,
1408 4417 1592 4467 Aesch.
1624 4416 1840 4480 Orestie,
1872 4432 1925 4482 p.
1964 4429 2063 4481 330
2094 4417 2335 4485 (Anhang
2363 4418 2432 4467 ad
2463 4432 2546 4468 vv.
2571 4416 2879 4481 670—676).
