3442 4975
1613 423 1729 491 115

547 601 944 684 perquirere,
993 619 1144 662 nam
1193 601 1304 681 qui
1351 600 1603 680 possint
1650 599 1973 678 homineS,
2023 622 2191 683 quae
2225 622 2453 665 eorum
2480 611 2581 666 est
2604 603 2794 684 inops

552 734 736 776 mens
821 724 1020 796 atque
1102 715 1284 791 ratio,
1368 713 1658 777 divinam
1733 717 2046 778 rationem
2115 717 2527 798 perspicere?
2596 716 2795 797 Quod

551 825 929 908 Aeschylus
1000 811 1267 908 quoque
1337 828 1554 904 sensit,
1626 847 1780 890 cum
1852 827 2073 910 Suppl.
2132 829 2567 909 1015—1016
2615 829 2793 892 chori

550 950 802 1023 partem
849 941 1330 1006 exclamantem
1359 941 1637 1004 fecerit:

1087 1054 1240 1126 Διὸς
1285 1053 1356 1116 οὐ
1407 1054 1739 1137 παρβατός
1787 1055 1959 1117 ἐστιν

1083 1151 1330 1235 μεγάλα
1377 1158 1535 1238 φρὴν
1583 1154 1926 1238 ἀπέρατος·

555 1277 620 1331 et
667 1269 819 1332 ibid.
880 1284 1354 1351 1024—1025:

1091 1383 1154 1445 τί
1199 1381 1261 1445 δὲ
1305 1379 1512 1464 μέλλω
1558 1380 1757 1465 φρένα
1804 1385 1971 1446 Δίαν
2012 1453 2017 1457 ,

1090 1490 1398 1568 καθορᾶν,
1447 1487 1608 1566 ὄψιν
1655 1486 1960 1569 ἄβυσσον,·

648 1597 1096 1662 Nihilominus
1144 1598 1351 1663 multa
1396 1601 1573 1682 apud
1621 1598 2035 1683 Aeschylum
2084 1612 2456 1679 occurrunt,
2505 1625 2673 1686 quae
2719 1605 2800 1666 ad

557 1715 844 1776 divinam
893 1714 1274 1796 sapientiam
1321 1715 1664 1794 pertinent.
1715 1714 1899 1776 Deus
1938 1717 2112 1777 enim
2140 1715 2307 1778 velle
2334 1717 2569 1779 dicitur
2595 1716 2802 1780 homi-

557 1847 670 1889 nes
715 1827 946 1901 bon05‚
994 1827 1368 1904 clementes„
1418 1826 1796 1908 hospitaleS‚
1844 1831 2071 1905 iustOS,
2122 1839 2325 1912 utque
2372 1830 2534 1893 haec
2582 1834 2803 1894 omnia

560 1961 691 2003 uno
761 1942 961 2004 verbo
1031 1919 1584 2023 comprehendam
1644 1941 1723 2024 1),
1796 1943 1943 2023 pios
2008 1963 2174 2005 esse.
2246 1944 2477 2026 Itaque
2544 1944 2805 2008 Electra

559 2055 834 2132 dubitat,
906 2075 1062 2116 num
1135 2054 1259 2116 diis
1328 2056 1432 2136 pia
1501 2055 1837 2138 videatur„
1889 2056 1940 2117 si
2012 2075 2126 2117 eos
2197 2065 2359 2134 oret,
2435 2067 2505 2120 ut
2552 2060 2807 2121 mittant

558 2166 868 2249 aliquem,
916 2168 1026 2249 qui
1075 2175 1352 2230 matrem
1401 2177 1629 2231 mutua
1670 2177 1881 2231 morte
1907 2168 2579 2253 ulciscatur(Ch0‹§plz.
2615 2171 2799 2254 115):

875 2282 978 2340 καὶ
1027 2289 1242 2343 ταῦτα
1286 2280 1551 2360 μούστὶν
1599 2281 1823 2366 εὐσεβῆ
1871 2284 2041 2347 θεῶν
2092 2287 2293 2366 πάρα,·
2754 2345 2756 2348 ⁴

650 2393 760 2457 Sic
806 2404 1023 2457 autem
1073 2394 1372 2457 homines
1421 2396 1682 2457 minime
1729 2398 1949 2458 animo
1995 2396 2206 2459 affecti
2256 2407 2426 2472 sunt,
2478 2407 2549 2460 ut
2594 2419 2805 2479 perse

563 2510 684 2590 ipsi
736 2509 864 2571 sint
908 2508 997 2589 pii
1045 2528 1123 2571 ac
1168 2508 1350 2571 iusti:
1449 2553 1453 2557 ψ

877 2620 973 2691 τίς
1019 2622 1138 2703 γὰρ
1185 2618 1479 2692 δεδοικὼς
1523 2618 1716 2703 μηδὲν
1767 2619 2008 2695 ἔνδικος
2052 2624 2325 2707 βροτῶνς
2376 2624 2439 2704 2)
2490 2605 2496 2612 ’

657 2734 876 2816 Quam
940 2735 1027 2797 ob
1075 2755 1211 2796 rem
1259 2734 1385 2796 hoc
1435 2737 1725 2797 maxime
1772 2737 2027 2799 divinae
2073 2738 2424 2819 sapientiae
2472 2740 2807 2819 proprium

565 2868 710 2911 esse
757 2847 1037 2924 debebit,
1087 2858 1157 2911 ut
1203 2848 1402 2910 modo
1450 2846 1751 2911 homines
1798 2859 1995 2930 cogat
2042 2851 2130 2911 ita
2178 2852 2414 2925 vivere,
2464 2850 2551 2911 uti
2603 2853 2808 2925 decet,

565 2961 765 3022 modo
814 2981 926 3022 eos
973 2962 1061 3023 ita
1107 2960 1364 3035 afficiat,
1416 2971 1484 3024 ut
1531 2962 1908 3043 intellegere
1957 2963 2320 3026 discant.se
2367 2984 2496 3026 non
2547 2965 2810 3045 impune

563 3083 789 3137 contra
851 3075 1100 3136 divinas
1147 3073 1326 3156 leges
1370 3095 1568 3155 agere
1615 3096 1811 3156 posse
1858 3096 2075 3157 exque
2123 3075 2260 3138 sola
2307 3075 2537 3139 harum
2587 3077 2807 3159 legum

565 3186 978 3249 oboedientia
1064 3186 1434 3251 felicitatem
1510 3190 1704 3251 nasci.
1779 3188 1947 3251 Illud
2018 3198 2237 3252 autem
2309 3200 2407 3251 est
2476 3189 2675 3252 divini
2747 3193 2807 3253 in

566 3299 868 3363 homines
935 3303 1198 3377 amoriS,
1270 3302 1397 3365 hoc
1468 3302 1728 3366 divinae
1797 3301 2097 3365 iustitiae.
2195 3303 2395 3385 Quod
2462 3314 2813 3386 utrumque

568 3413 943 3494 Aeschylus
991 3414 1117 3476 deo
1164 3416 1476 3478 attribuit.
1529 3414 1660 3478 Cfr.
1713 3436 1767 3476 e.
1818 3437 1915 3498 gr.
1965 3416 2203 3495 Agam.
2265 3417 2641 3481 161—168:

920 3530 1098 3607 Ζῆνα
1147 3525 1212 3589 δέ
1259 3552 1356 3600 τις
1403 3532 1771 3611 προφρόνως
1820 3530 2101 3590 ἐπινίκια
2149 3525 2397 3603 κλάζων

924 3628 1217 3702 τεύξεται
1265 3636 1512 3713 φρενῶν
1561 3633 1634 3692 τὸ
1683 3639 1839 3693 πᾶν·

928 3732 1041 3791 τὸν
1089 3737 1340 3812 φρονεῖν
1389 3733 1653 3815 βροτούς
1698 3731 1861 3795 ὁδώ-

926 3851 1152 3909 σαντα,
1201 3834 1310 3897 τὸν
1360 3837 1562 3894 πάθει
1611 3837 1823 3914 μάθος

924 3930 1127 3996 θέντα
1175 3934 1399 4016 κυρίω,,ἱ
1445 3934 1628 4015 ἔχειν.

927 4032 1140 4107 στάζει
1189 4031 1245 4095 δ’
1297 4033 1364 4096 ἔν
1414 4034 1486 4095 θ’
1537 4034 1718 4116 ὕπνῳ
1767 4038 1888 4118 πρὸ
1937 4034 2201 4117 καρδίας

924 4141 1349 4218 μνησιπήμων
1399 4140 1612 4209 πόνος·
1662 4139 1767 4197 καὶ
1816 4135 1968 4219 παρ’
2016 4141 2093 4197 ἄ-
2262 4131 2265 4134 ’

927 4259 1160 4309 κοντας
1206 4232 1367 4316 ἦλθε
1417 4243 1783 4319 σωφρονεῖν.

645 4400 690 4465 ι)
727 4401 860 4449 Vide
895 4417 946 4464 p.
988 4414 1094 4449 122.

641 4478 690 4544 2)
725 4479 885 4530 Eum.
923 4480 1038 4541 689.
