<?xml version="1.0" encoding="UTF-8"?>
<!DOCTYPE html PUBLIC "-//W3C//DTD XHTML 1.0 Transitional//EN"
    "http://www.w3.org/TR/xhtml1/DTD/xhtml1-transitional.dtd">
<html xmlns="http://www.w3.org/1999/xhtml" xml:lang="en" lang="en">
 <head>
  <title>
</title>
<meta http-equiv="Content-Type" content="text/html;charset=utf-8" />
  <meta name='ocr-system' content='tesseract 3.04.00' />
  <meta name='ocr-capabilities' content='ocr_page ocr_carea ocr_par ocr_line ocrx_word'/>
</head>
<body>
  <div class='ocr_page' id='page_1' title='image "./dedeoaeschyleo01fiscgoog_0144.png"; bbox 0 0 3442 4975; ppageno 0'>
   <div class='ocr_carea' id='block_1_1' title="bbox 1750 412 1874 482">
    <p class='ocr_par' dir='ltr' id='par_1_1' title="bbox 1750 412 1874 482">
     <span class='ocr_line' id='line_1_1' title="bbox 1750 412 1874 482; baseline 0 -16"><span class='ocrx_word' id='word_1_1' title='bbox 1750 412 1874 482; x_wconf 89' lang='lat'><strong>130</strong></span> 
     </span>
    </p>
   </div>
   <div class='ocr_carea' id='block_1_2' title="bbox 681 590 2943 2875">
    <p class='ocr_par' dir='ltr' id='par_1_2' title="bbox 681 590 2943 903">
     <span class='ocr_line' id='line_1_2' title="bbox 682 590 2943 674; baseline 0.001 -20"><span class='ocrx_word' id='word_1_2' title='bbox 682 590 814 654; x_wconf 89' lang='lat' dir='ltr'><strong>vim</strong></span> <span class='ocrx_word' id='word_1_3' title='bbox 861 599 1084 654; x_wconf 87' lang='lat' dir='ltr'><strong>tamen</strong></span> <span class='ocrx_word' id='word_1_4' title='bbox 1136 591 1220 655; x_wconf 90' lang='lat' dir='ltr'><strong>ad</strong></span> <span class='ocrx_word' id='word_1_5' title='bbox 1269 593 1428 652; x_wconf 91' lang='lat' dir='ltr'><strong>deos</strong></span> <span class='ocrx_word' id='word_1_6' title='bbox 1465 591 1865 653; x_wconf 84' lang='lat' dir='ltr'><strong>referendam</strong></span> <span class='ocrx_word' id='word_1_7' title='bbox 1895 611 2035 653; x_wconf 90' lang='lat' dir='ltr'><strong>esse</strong></span> <span class='ocrx_word' id='word_1_8' title='bbox 2060 601 2329 673; x_wconf 86' lang='lat' dir='ltr'><strong>apparet</strong></span> <span class='ocrx_word' id='word_1_9' title='bbox 2354 612 2440 654; x_wconf 88' lang='lat' dir='ltr'><strong>ex</strong></span> <span class='ocrx_word' id='word_1_10' title='bbox 2471 593 2567 668; x_wconf 88' lang='lat' dir='ltr'><strong>iis,</strong></span> <span class='ocrx_word' id='word_1_11' title='bbox 2593 614 2762 674; x_wconf 91' lang='lat' dir='ltr'><strong>quae</strong></span> <span class='ocrx_word' id='word_1_12' title='bbox 2788 594 2943 658; x_wconf 91' lang='lat' dir='ltr'><strong>dicit</strong></span> 
     </span>
     <span class='ocr_line' id='line_1_3' title="bbox 682 703 2937 788; baseline 0.002 -22"><span class='ocrx_word' id='word_1_13' title='bbox 682 703 1072 781; x_wconf 86' lang='lat' dir='ltr'><strong>Cassandra,</strong></span> <span class='ocrx_word' id='word_1_14' title='bbox 1118 705 1227 768; x_wconf 92' lang='lat' dir='ltr'><strong>illa</strong></span> <span class='ocrx_word' id='word_1_15' title='bbox 1273 713 1459 768; x_wconf 89' lang='lat' dir='ltr'><strong>vates</strong></span> <span class='ocrx_word' id='word_1_16' title='bbox 1507 703 1835 786; x_wconf 86' lang='lat' dir='ltr'>Apollinis</span> <span class='ocrx_word' id='word_1_17' title='bbox 1882 705 1946 788; x_wconf 90' lang='lat' dir='ltr'><strong>(i.</strong></span> <span class='ocrx_word' id='word_1_18' title='bbox 1995 726 2051 769; x_wconf 89' lang='lat' dir='ltr'><strong>e.</strong></span> <span class='ocrx_word' id='word_1_19' title='bbox 2100 705 2322 787; x_wconf 85' lang='lat' dir='ltr'><strong>Iovis),</strong></span> <span class='ocrx_word' id='word_1_20' title='bbox 2359 706 2937 788; x_wconf 86' lang='lat' dir='ltr'><strong>Agamemnonem</strong></span> 
     </span>
     <span class='ocr_line' id='line_1_4' title="bbox 681 816 2937 903; baseline 0.002 -21"><span class='ocrx_word' id='word_1_21' title='bbox 681 841 765 882; x_wconf 89' lang='lat' dir='ltr'><strong>ex</strong></span> <span class='ocrx_word' id='word_1_22' title='bbox 815 820 1091 883; x_wconf 91' lang='lat' dir='ltr'><strong>consilio</strong></span> <span class='ocrx_word' id='word_1_23' title='bbox 1139 821 1416 882; x_wconf 89' lang='lat' dir='ltr'><strong>deorum</strong></span> <span class='ocrx_word' id='word_1_24' title='bbox 1463 819 1874 881; x_wconf 86' lang='lat' dir='ltr'><strong>interfectum</strong></span> <span class='ocrx_word' id='word_1_25' title='bbox 1922 840 2066 882; x_wconf 89' lang='lat' dir='ltr'><strong>esse</strong></span> <span class='ocrx_word' id='word_1_26' title='bbox 2113 816 2378 903; x_wconf 77' lang='lat' dir='ltr'><strong>(Agant.</strong></span> <span class='ocrx_word' id='word_1_27' title='bbox 2437 821 2937 903; x_wconf 85' lang='lat'>1241—1244):</span> 
     </span>
    </p>

    <p class='ocr_par' dir='ltr' id='par_1_3' title="bbox 1041 929 2514 1012">
     <span class='ocr_line' id='line_1_5' title="bbox 1041 929 2514 1012; baseline -0.001 -19"><span class='ocrx_word' id='word_1_28' title='bbox 1041 935 1176 994; x_wconf 67' lang='grc' dir='ltr'><strong>ἐπεὶ</strong></span> <span class='ocrx_word' id='word_1_29' title='bbox 1225 935 1296 993; x_wconf 88' lang='grc' dir='ltr'><strong>τὸ</strong></span> <span class='ocrx_word' id='word_1_30' title='bbox 1345 936 1603 1012; x_wconf 77' lang='grc' dir='ltr'><em>πρῶτον</em></span> <span class='ocrx_word' id='word_1_31' title='bbox 1653 929 1820 992; x_wconf 72' lang='grc' dir='ltr'><em>εἶδον</em></span> <span class='ocrx_word' id='word_1_32' title='bbox 1866 930 2071 993; x_wconf 82' lang='grc' dir='ltr'><em>’[λίου</em></span> <span class='ocrx_word' id='word_1_33' title='bbox 2120 930 2311 994; x_wconf 84' lang='grc' dir='ltr'><em>πόλιν</em></span> <span class='ocrx_word' id='word_1_34' title='bbox 2509 1003 2514 1006; x_wconf 39' lang='grc'><strong>,</strong></span> 
     </span>
    </p>

    <p class='ocr_par' dir='ltr' id='par_1_4' title="bbox 1047 1024 2609 1118">
     <span class='ocr_line' id='line_1_6' title="bbox 1047 1024 2609 1118; baseline 0.003 -24"><span class='ocrx_word' id='word_1_35' title='bbox 1047 1029 1388 1113; x_wconf 85' lang='grc' dir='ltr'><em>πράξασαν</em></span> <span class='ocrx_word' id='word_1_36' title='bbox 1439 1032 1524 1104; x_wconf 66' lang='grc' dir='ltr'><strong>ὡς</strong></span> <span class='ocrx_word' id='word_1_37' title='bbox 1573 1029 1870 1112; x_wconf 66' lang='grc' dir='ltr'><em>ἔπραξεν,</em></span> <span class='ocrx_word' id='word_1_38' title='bbox 1918 1035 1981 1094; x_wconf 82' lang='grc' dir='ltr'><strong>οἳ</strong></span> <span class='ocrx_word' id='word_1_39' title='bbox 2026 1024 2253 1114; x_wconf 67' lang='grc' dir='ltr'><em>δἐἷχον</em></span> <span class='ocrx_word' id='word_1_40' title='bbox 2302 1031 2491 1098; x_wconf 87' lang='grc' dir='ltr'><em>πόλιν</em></span> <span class='ocrx_word' id='word_1_41' title='bbox 2554 1036 2609 1118; x_wconf 88' lang='lat'><strong>1)</strong></span> 
     </span>
    </p>

    <p class='ocr_par' dir='ltr' id='par_1_5' title="bbox 1039 1130 2412 1216">
     <span class='ocr_line' id='line_1_7' title="bbox 1039 1130 2412 1216; baseline -0.001 -21"><span class='ocrx_word' id='word_1_42' title='bbox 1039 1133 1242 1206; x_wconf 67' lang='grc' dir='ltr'><em>οὕτως</em></span> <span class='ocrx_word' id='word_1_43' title='bbox 1289 1130 1815 1194; x_wconf 69' lang='grc' dir='ltr'><em>ἀπαλλάσσουσιν</em></span> <span class='ocrx_word' id='word_1_44' title='bbox 1867 1134 1930 1197; x_wconf 76' lang='grc' dir='ltr'><strong>ἐν</strong></span> <span class='ocrx_word' id='word_1_45' title='bbox 1984 1139 2149 1198; x_wconf 64' lang='grc' dir='ltr'><strong>θεων</strong></span> <span class='ocrx_word' id='word_1_46' title='bbox 2199 1135 2412 1216; x_wconf 56' lang='grc' dir='ltr'><em>κρίσιι,</em></span> 
     </span>
    </p>

    <p class='ocr_par' dir='ltr' id='par_1_6' title="bbox 1041 1230 2419 1315">
     <span class='ocr_line' id='line_1_8' title="bbox 1041 1230 2419 1315; baseline 0.001 -19"><span class='ocrx_word' id='word_1_47' title='bbox 1041 1240 1221 1296; x_wconf 69' lang='grc' dir='ltr'><em>ἰοῦσα</em></span> <span class='ocrx_word' id='word_1_48' title='bbox 1270 1233 1514 1315; x_wconf 81' lang='grc' dir='ltr'><em>πράξω,</em></span> <span class='ocrx_word' id='word_1_49' title='bbox 1562 1230 1867 1312; x_wconf 78' lang='grc' dir='ltr'><em>τλήσομαι</em></span> <span class='ocrx_word' id='word_1_50' title='bbox 1920 1235 1990 1296; x_wconf 88' lang='grc' dir='ltr'><strong>τὸ</strong></span> <span class='ocrx_word' id='word_1_51' title='bbox 2038 1241 2419 1298; x_wconf 64' lang='grc' dir='ltr'><em>κατθανεῖν.</em></span> 
     </span>
    </p>

    <p class='ocr_par' dir='ltr' id='par_1_7' title="bbox 773 1348 2935 1434">
     <span class='ocr_line' id='line_1_9' title="bbox 773 1348 2935 1434; baseline 0.001 -21"><span class='ocrx_word' id='word_1_52' title='bbox 773 1351 904 1413; x_wconf 87' lang='lat' dir='ltr'><strong>Sed</strong></span> <span class='ocrx_word' id='word_1_53' title='bbox 953 1351 1016 1411; x_wconf 92' lang='lat' dir='ltr'><strong>in</strong></span> <span class='ocrx_word' id='word_1_54' title='bbox 1062 1349 1183 1410; x_wconf 90' lang='lat' dir='ltr'><strong>hac</strong></span> <span class='ocrx_word' id='word_1_55' title='bbox 1231 1368 1498 1430; x_wconf 88' lang='lat' dir='ltr'><strong>quoque</strong></span> <span class='ocrx_word' id='word_1_56' title='bbox 1523 1369 1592 1410; x_wconf 91' lang='lat' dir='ltr'><strong>re</strong></span> <span class='ocrx_word' id='word_1_57' title='bbox 1620 1348 1865 1412; x_wconf 88' lang='lat' dir='ltr'><strong>chorus</strong></span> <span class='ocrx_word' id='word_1_58' title='bbox 1894 1359 2083 1432; x_wconf 90' lang='lat' dir='ltr'><strong>urget</strong></span> <span class='ocrx_word' id='word_1_59' title='bbox 2109 1349 2622 1432; x_wconf 84' lang='lat' dir='ltr'><strong>Clytaemestrae</strong></span> <span class='ocrx_word' id='word_1_60' title='bbox 2646 1353 2935 1434; x_wconf 86' lang='lat' dir='ltr'><strong>culpam,</strong></span> 
     </span>
    </p>

    <p class='ocr_par' dir='ltr' id='par_1_8' title="bbox 683 1461 2287 1962">
     <span class='ocr_line' id='line_1_10' title="bbox 683 1461 2019 1544; baseline 0 -18"><span class='ocrx_word' id='word_1_61' title='bbox 683 1484 831 1526; x_wconf 90' lang='lat' dir='ltr'><strong>nam</strong></span> <span class='ocrx_word' id='word_1_62' title='bbox 881 1464 936 1524; x_wconf 87' lang='lat' dir='ltr'><strong>ei</strong></span> <span class='ocrx_word' id='word_1_63' title='bbox 985 1462 1336 1544; x_wconf 83' lang='lat' dir='ltr'><strong>respondet</strong></span> <span class='ocrx_word' id='word_1_64' title='bbox 1384 1483 1485 1524; x_wconf 91' lang='lat' dir='ltr'><strong>vv.</strong></span> <span class='ocrx_word' id='word_1_65' title='bbox 1545 1461 2019 1542; x_wconf 80' lang='lat'>1467—-14702</span> 
     </span>
     <span class='ocr_line' id='line_1_11' title="bbox 1129 1567 1807 1654; baseline 0.003 -20"><span class='ocrx_word' id='word_1_66' title='bbox 1129 1575 1212 1645; x_wconf 81' lang='grc' dir='ltr'><strong>ώ,·</strong></span> <span class='ocrx_word' id='word_1_67' title='bbox 1257 1577 1366 1654; x_wconf 74' lang='grc' dir='ltr'><strong>μὲν</strong></span> <span class='ocrx_word' id='word_1_68' title='bbox 1417 1572 1701 1646; x_wconf 68' lang='grc' dir='ltr'><strong>οὲναίτιο,ἱ</strong></span> <span class='ocrx_word' id='word_1_69' title='bbox 1752 1567 1807 1636; x_wconf 71' lang='grc' dir='ltr'><strong>εἷ</strong></span> 
     </span>
     <span class='ocr_line' id='line_1_12' title="bbox 1136 1674 2287 1758; baseline -0.001 -21"><span class='ocrx_word' id='word_1_70' title='bbox 1136 1674 1320 1737; x_wconf 71' lang='grc' dir='ltr'><em>τοῦδε</em></span> <span class='ocrx_word' id='word_1_71' title='bbox 1369 1681 1565 1756; x_wconf 71' lang='grc' dir='ltr'><em>φόνου</em></span> <span class='ocrx_word' id='word_1_72' title='bbox 1614 1678 1708 1747; x_wconf 65' lang='grc' dir='ltr'><strong>τίς</strong></span> <span class='ocrx_word' id='word_1_73' title='bbox 1756 1679 1792 1737; x_wconf 85' lang='grc' dir='ltr'>ό</span> <span class='ocrx_word' id='word_1_74' title='bbox 1832 1683 2287 1758; x_wconf 72' lang='grc' dir='ltr'><em>μαρτυρήσωμ,·</em></span> 
     </span>
     <span class='ocr_line' id='line_1_13' title="bbox 1129 1775 2207 1858; baseline 0.001 -20"><span class='ocrx_word' id='word_1_75' title='bbox 1129 1783 1232 1838; x_wconf 80' lang='grc' dir='ltr'><strong>πω</strong></span> <span class='ocrx_word' id='word_1_76' title='bbox 1282 1783 1422 1854; x_wconf 81' lang='grc' dir='ltr'><strong>πὼ,·</strong></span> <span class='ocrx_word' id='word_1_77' title='bbox 1473 1780 1805 1858; x_wconf 64' lang='grc' dir='ltr'><em>πατρόθεν</em></span> <span class='ocrx_word' id='word_1_78' title='bbox 1853 1776 1918 1838; x_wconf 79' lang='grc' dir='ltr'><strong>δὲ</strong></span> <span class='ocrx_word' id='word_1_79' title='bbox 1968 1775 2207 1856; x_wconf 80' lang='grc' dir='ltr'><em>συλλή-</em></span> 
     </span>
     <span class='ocr_line' id='line_1_14' title="bbox 1133 1875 2083 1962; baseline 0 -22"><span class='ocrx_word' id='word_1_80' title='bbox 1133 1904 1314 1962; x_wconf 88' lang='grc' dir='ltr'><em>πτωρ</em></span> <span class='ocrx_word' id='word_1_81' title='bbox 1362 1877 1588 1957; x_wconf 80' lang='grc' dir='ltr'><em>γένοιτ’</em></span> <span class='ocrx_word' id='word_1_82' title='bbox 1637 1883 1716 1944; x_wconf 74' lang='grc' dir='ltr'><strong>ἂν</strong></span> <span class='ocrx_word' id='word_1_83' title='bbox 1766 1875 2083 1962; x_wconf 76' lang='grc' dir='ltr'><em>ἀλάστωρ.</em></span> 
     </span>
    </p>

    <p class='ocr_par' dir='ltr' id='par_1_9' title="bbox 689 1991 2939 2875">
     <span class='ocr_line' id='line_1_15' title="bbox 778 1991 2932 2079; baseline -0 -20"><span class='ocrx_word' id='word_1_84' title='bbox 778 1998 1005 2079; x_wconf 88' lang='lat' dir='ltr'><strong>Atque</strong></span> <span class='ocrx_word' id='word_1_85' title='bbox 1053 1997 1228 2059; x_wconf 91' lang='lat' dir='ltr'><strong>omni</strong></span> <span class='ocrx_word' id='word_1_86' title='bbox 1278 1997 1525 2057; x_wconf 91' lang='lat' dir='ltr'><strong>ratione</strong></span> <span class='ocrx_word' id='word_1_87' title='bbox 1573 2003 1839 2069; x_wconf 85' lang='lat' dir='ltr'><strong>careret,</strong></span> <span class='ocrx_word' id='word_1_88' title='bbox 1888 1995 2069 2076; x_wconf 90' lang='lat' dir='ltr'><strong>quod</strong></span> <span class='ocrx_word' id='word_1_89' title='bbox 2118 1991 2383 2057; x_wconf 83' lang='lat' dir='ltr'><strong>Orestes</strong></span> <span class='ocrx_word' id='word_1_90' title='bbox 2426 2004 2681 2076; x_wconf 87' lang='lat' dir='ltr'><strong>patrem</strong></span> <span class='ocrx_word' id='word_1_91' title='bbox 2710 1995 2932 2058; x_wconf 88' lang='lat' dir='ltr'><strong>ulcisci</strong></span> 
     </span>
     <span class='ocr_line' id='line_1_16' title="bbox 689 2108 2930 2192; baseline 0 -20"><span class='ocrx_word' id='word_1_92' title='bbox 689 2111 772 2172; x_wconf 88' lang='lat' dir='ltr'><strong>ab</strong></span> <span class='ocrx_word' id='word_1_93' title='bbox 799 2110 1111 2192; x_wconf 87' lang='lat' dir='ltr'><strong>Apolline</strong></span> <span class='ocrx_word' id='word_1_94' title='bbox 1131 2109 1493 2186; x_wconf 87' lang='lat' dir='ltr'><strong>iubebatur,</strong></span> <span class='ocrx_word' id='word_1_95' title='bbox 1514 2109 2170 2190; x_wconf 88' lang='lat' dir='ltr'><strong>nisiAgamemnonis</strong></span> <span class='ocrx_word' id='word_1_96' title='bbox 2194 2109 2399 2171; x_wconf 79' lang='lat' dir='ltr'><strong>necati</strong></span> <span class='ocrx_word' id='word_1_97' title='bbox 2420 2108 2930 2190; x_wconf 86' lang='lat' dir='ltr'><strong>Clytaemestrae</strong></span> 
     </span>
     <span class='ocr_line' id='line_1_17' title="bbox 691 2222 2931 2306; baseline 0.001 -22"><span class='ocrx_word' id='word_1_98' title='bbox 691 2225 811 2305; x_wconf 90' lang='lat' dir='ltr'><strong>ipsi</strong></span> <span class='ocrx_word' id='word_1_99' title='bbox 881 2224 1076 2306; x_wconf 88' lang='lat' dir='ltr'><strong>culpa</strong></span> <span class='ocrx_word' id='word_1_100' title='bbox 1144 2233 1315 2286; x_wconf 88' lang='lat' dir='ltr'><strong>esset</strong></span> <span class='ocrx_word' id='word_1_101' title='bbox 1381 2224 1812 2286; x_wconf 87' lang='lat' dir='ltr'><strong>attribuenda.</strong></span> <span class='ocrx_word' id='word_1_102' title='bbox 1906 2222 2205 2304; x_wconf 89' lang='lat' dir='ltr'><strong>Apparet</strong></span> <span class='ocrx_word' id='word_1_103' title='bbox 2273 2223 2469 2303; x_wconf 87' lang='lat' dir='ltr'><strong>igitur</strong></span> <span class='ocrx_word' id='word_1_104' title='bbox 2514 2222 2931 2304; x_wconf 84' lang='lat' dir='ltr'><strong>Aeschylum</strong></span> 
     </span>
     <span class='ocr_line' id='line_1_18' title="bbox 695 2334 2925 2418; baseline 0 -20"><span class='ocrx_word' id='word_1_105' title='bbox 695 2337 936 2418; x_wconf 88' lang='lat' dir='ltr'><strong>ubique</strong></span> <span class='ocrx_word' id='word_1_106' title='bbox 1007 2338 1244 2399; x_wconf 90' lang='lat' dir='ltr'><strong>docere</strong></span> <span class='ocrx_word' id='word_1_107' title='bbox 1291 2336 1670 2406; x_wconf 87' lang='lat' dir='ltr'><strong>hominibus</strong></span> <span class='ocrx_word' id='word_1_108' title='bbox 1719 2338 2039 2399; x_wconf 86' lang='lat' dir='ltr'><strong>rationem</strong></span> <span class='ocrx_word' id='word_1_109' title='bbox 2086 2356 2361 2398; x_wconf 85' lang='lat' dir='ltr'><strong>suorum</strong></span> <span class='ocrx_word' id='word_1_110' title='bbox 2409 2334 2731 2399; x_wconf 85' lang='lat' dir='ltr'><strong>sactorum</strong></span> <span class='ocrx_word' id='word_1_111' title='bbox 2781 2339 2925 2400; x_wconf 89' lang='lat' dir='ltr'><strong>red-</strong></span> 
     </span>
     <span class='ocr_line' id='line_1_19' title="bbox 692 2449 2933 2532; baseline 0.002 -20"><span class='ocrx_word' id='word_1_112' title='bbox 692 2450 974 2513; x_wconf 89' lang='lat' dir='ltr'><strong>dendam</strong></span> <span class='ocrx_word' id='word_1_113' title='bbox 1024 2471 1169 2513; x_wconf 89' lang='lat' dir='ltr'><strong>esse</strong></span> <span class='ocrx_word' id='word_1_114' title='bbox 1215 2460 1280 2513; x_wconf 89' lang='lat' dir='ltr'><strong>et</strong></span> <span class='ocrx_word' id='word_1_115' title='bbox 1325 2460 1542 2515; x_wconf 87' lang='lat' dir='ltr'><strong>tamen</strong></span> <span class='ocrx_word' id='word_1_116' title='bbox 1583 2450 2018 2513; x_wconf 84' lang='lat' dir='ltr'><strong>omniaadeo</strong></span> <span class='ocrx_word' id='word_1_117' title='bbox 2043 2449 2474 2513; x_wconf 86' lang='lat' dir='ltr'><strong>administrari</strong></span> <span class='ocrx_word' id='word_1_118' title='bbox 2502 2459 2566 2513; x_wconf 91' lang='lat' dir='ltr'><strong>et</strong></span> <span class='ocrx_word' id='word_1_119' title='bbox 2588 2451 2933 2532; x_wconf 86' lang='lat' dir='ltr'><strong>provideri.</strong></span> 
     </span>
     <span class='ocr_line' id='line_1_20' title="bbox 691 2564 2934 2647; baseline 0.001 -21"><span class='ocrx_word' id='word_1_120' title='bbox 691 2564 888 2644; x_wconf 78' lang='lat' dir='ltr'><strong>Quod</strong></span> <span class='ocrx_word' id='word_1_121' title='bbox 936 2567 1091 2647; x_wconf 88' lang='lat' dir='ltr'><strong>quia</strong></span> <span class='ocrx_word' id='word_1_122' title='bbox 1137 2566 1358 2628; x_wconf 88' lang='lat' dir='ltr'><strong>multis</strong></span> <span class='ocrx_word' id='word_1_123' title='bbox 1406 2568 1556 2629; x_wconf 86' lang='lat' dir='ltr'><strong>viris</strong></span> <span class='ocrx_word' id='word_1_124' title='bbox 1603 2568 1813 2629; x_wconf 89' lang='lat' dir='ltr'><strong>doctis</strong></span> <span class='ocrx_word' id='word_1_125' title='bbox 1858 2565 2214 2627; x_wconf 84' lang='lat' dir='ltr'><strong>absurdum</strong></span> <span class='ocrx_word' id='word_1_126' title='bbox 2257 2566 2638 2638; x_wconf 83' lang='lat' dir='ltr'><strong>etiustitiae</strong></span> <span class='ocrx_word' id='word_1_127' title='bbox 2678 2565 2934 2629; x_wconf 88' lang='lat' dir='ltr'><strong>divinae</strong></span> 
     </span>
     <span class='ocr_line' id='line_1_21' title="bbox 689 2677 2932 2762; baseline 0.001 -21"><span class='ocrx_word' id='word_1_128' title='bbox 689 2680 1028 2741; x_wconf 88' lang='lat' dir='ltr'><strong>imminere</strong></span> <span class='ocrx_word' id='word_1_129' title='bbox 1077 2680 1292 2742; x_wconf 90' lang='lat' dir='ltr'><strong>visum</strong></span> <span class='ocrx_word' id='word_1_130' title='bbox 1340 2689 1456 2755; x_wconf 89' lang='lat' dir='ltr'><strong>est,</strong></span> <span class='ocrx_word' id='word_1_131' title='bbox 1502 2682 1744 2761; x_wconf 88' lang='lat' dir='ltr'><strong>partim</strong></span> <span class='ocrx_word' id='word_1_132' title='bbox 1790 2689 2157 2742; x_wconf 89' lang='lat' dir='ltr'><strong>statuerunt</strong></span> <span class='ocrx_word' id='word_1_133' title='bbox 2201 2677 2617 2760; x_wconf 90' lang='lat' dir='ltr'><strong>Aeschylum</strong></span> <span class='ocrx_word' id='word_1_134' title='bbox 2665 2679 2784 2741; x_wconf 88' lang='lat' dir='ltr'><strong>sibi</strong></span> <span class='ocrx_word' id='word_1_135' title='bbox 2812 2681 2932 2762; x_wconf 90' lang='lat' dir='ltr'><strong>ipsi</strong></span> 
     </span>
     <span class='ocr_line' id='line_1_22' title="bbox 690 2791 2939 2875; baseline 0.001 -22"><span class='ocrx_word' id='word_1_136' title='bbox 690 2813 1008 2874; x_wconf 89' lang='lat' dir='ltr'><strong>pugnare,</strong></span> <span class='ocrx_word' id='word_1_137' title='bbox 1081 2794 1320 2875; x_wconf 90' lang='lat' dir='ltr'><strong>partim</strong></span> <span class='ocrx_word' id='word_1_138' title='bbox 1389 2791 1556 2854; x_wconf 89' lang='lat' dir='ltr'><strong>hanc</strong></span> <span class='ocrx_word' id='word_1_139' title='bbox 1625 2793 2105 2875; x_wconf 87' lang='lat' dir='ltr'><strong>providentiam</strong></span> <span class='ocrx_word' id='word_1_140' title='bbox 2177 2793 2465 2855; x_wconf 89' lang='lat' dir='ltr'><strong>divinam</strong></span> <span class='ocrx_word' id='word_1_141' title='bbox 2526 2792 2608 2854; x_wconf 94' lang='lat' dir='ltr'><strong>ad</strong></span> <span class='ocrx_word' id='word_1_142' title='bbox 2656 2793 2939 2856; x_wconf 89' lang='lat' dir='ltr'><strong>rationes</strong></span> 
     </span>
    </p>
   </div>
   <div class='ocr_carea' id='block_1_3' title="bbox 675 2905 2935 2999">
    <p class='ocr_par' dir='ltr' id='par_1_10' title="bbox 675 2905 2935 2999">
     <span class='ocr_line' id='line_1_23' title="bbox 675 2905 2935 2999; baseline 0 -30"><span class='ocrx_word' id='word_1_143' title='bbox 675 2905 794 2999; x_wconf 31' lang='lat' dir='ltr'><strong>&#39;vel</strong></span> <span class='ocrx_word' id='word_1_144' title='bbox 842 2906 1062 2988; x_wconf 87' lang='lat' dir='ltr'><strong>potius</strong></span> <span class='ocrx_word' id='word_1_145' title='bbox 1110 2915 1483 2969; x_wconf 88' lang='lat' dir='ltr'><strong>commenta</strong></span> <span class='ocrx_word' id='word_1_146' title='bbox 1515 2908 1783 2988; x_wconf 70' lang='lat' dir='ltr'><strong>poetica</strong></span> <span class='ocrx_word' id='word_1_147' title='bbox 1829 2908 2235 2972; x_wconf 88' lang='lat' dir='ltr'><strong>referendam</strong></span> <span class='ocrx_word' id='word_1_148' title='bbox 2289 2930 2429 2973; x_wconf 88' lang='lat' dir='ltr'><strong>esse</strong></span> <span class='ocrx_word' id='word_1_149' title='bbox 2478 2917 2833 2972; x_wconf 85' lang='lat' dir='ltr'><strong>senserunt.</strong></span> <span class='ocrx_word' id='word_1_150' title='bbox 2873 2908 2935 2990; x_wconf 91' lang='lat'><strong>2)</strong></span> 
     </span>
    </p>
   </div>
   <div class='ocr_carea' id='block_1_4' title="bbox 701 3043 910 3049">
    <p class='ocr_par' dir='ltr' id='par_1_11' title="bbox 701 3043 910 3049">
     <span class='ocr_line' id='line_1_24' title="bbox 701 3043 910 3049; baseline 0 0"><span class='ocrx_word' id='word_1_151' title='bbox 701 3043 910 3049; x_wconf 95' lang='lat' dir='ltr'><strong> </strong></span> 
     </span>
    </p>
   </div>
   <div class='ocr_carea' id='block_1_5' title="bbox 913 3042 1186 3049">
    <p class='ocr_par' dir='ltr' id='par_1_12' title="bbox 913 3042 1186 3049">
     <span class='ocr_line' id='line_1_25' title="bbox 913 3042 1186 3049; baseline 0 1926"><span class='ocrx_word' id='word_1_152' title='bbox 913 3042 1186 3049; x_wconf 95' lang='lat' dir='ltr'><strong> </strong></span> 
     </span>
    </p>
   </div>
   <div class='ocr_carea' id='block_1_6' title="bbox 687 3102 2946 4543">
    <p class='ocr_par' dir='ltr' id='par_1_13' title="bbox 687 3102 2946 3261">
     <span class='ocr_line' id='line_1_26' title="bbox 765 3102 2946 3173; baseline 0.001 -21"><span class='ocrx_word' id='word_1_153' title='bbox 765 3104 806 3169; x_wconf 82' lang='grc' dir='ltr'><strong>ι)</strong></span> <span class='ocrx_word' id='word_1_154' title='bbox 843 3106 1195 3168; x_wconf 87' lang='lat' dir='ltr'><strong>Agamemnon</strong></span> <span class='ocrx_word' id='word_1_155' title='bbox 1230 3103 1339 3156; x_wconf 89' lang='lat' dir='ltr'><strong>scil.</strong></span> <span class='ocrx_word' id='word_1_156' title='bbox 1373 3132 1434 3139; x_wconf 97' lang='lat'><strong>—</strong></span> <span class='ocrx_word' id='word_1_157' title='bbox 1473 3102 1805 3153; x_wconf 68' lang='grc' dir='ltr'><em>ἀπαλλάσσω</em></span> <span class='ocrx_word' id='word_1_158' title='bbox 1840 3105 1939 3154; x_wconf 90' lang='lat' dir='ltr'><strong>hoe</strong></span> <span class='ocrx_word' id='word_1_159' title='bbox 1977 3105 2091 3155; x_wconf 93' lang='lat' dir='ltr'><strong>loco</strong></span> <span class='ocrx_word' id='word_1_160' title='bbox 2128 3106 2435 3156; x_wconf 78' lang='lat' dir='ltr'><strong>intransitive</strong></span> <span class='ocrx_word' id='word_1_161' title='bbox 2466 3125 2557 3173; x_wconf 88' lang='lat' dir='ltr'><strong>pro</strong></span> <span class='ocrx_word' id='word_1_162' title='bbox 2577 3109 2728 3157; x_wconf 89' lang='lat' dir='ltr'><strong>verbo</strong></span> <span class='ocrx_word' id='word_1_163' title='bbox 2747 3107 2946 3173; x_wconf 86' lang='lat' dir='ltr'><strong>dicitur,</strong></span> 
     </span>
     <span class='ocr_line' id='line_1_27' title="bbox 687 3196 1115 3261; baseline 0.005 -17"><span class='ocrx_word' id='word_1_164' title='bbox 687 3197 825 3261; x_wconf 92' lang='lat' dir='ltr'><strong>quod</strong></span> <span class='ocrx_word' id='word_1_165' title='bbox 859 3203 931 3244; x_wconf 85' lang='lat' dir='ltr'><strong>est</strong></span> <span class='ocrx_word' id='word_1_166' title='bbox 965 3196 1115 3247; x_wconf 83' lang='lat' dir='ltr'><strong>mori.</strong></span> 
     </span>
    </p>

    <p class='ocr_par' dir='ltr' id='par_1_14' title="bbox 690 3287 2944 3901">
     <span class='ocr_line' id='line_1_28' title="bbox 755 3287 2936 3354; baseline 0.002 -20"><span class='ocrx_word' id='word_1_167' title='bbox 755 3297 806 3347; x_wconf 83' lang='lat'><strong>2)</strong></span> <span class='ocrx_word' id='word_1_168' title='bbox 863 3287 980 3336; x_wconf 90' lang='lat' dir='ltr'><strong>Chr.</strong></span> <span class='ocrx_word' id='word_1_169' title='bbox 1048 3287 1276 3351; x_wconf 84' lang='lat' dir='ltr'><strong>Ilerwig,</strong></span> <span class='ocrx_word' id='word_1_170' title='bbox 1341 3288 1446 3335; x_wconf 80' lang='lat' dir='ltr'><strong>Das</strong></span> <span class='ocrx_word' id='word_1_171' title='bbox 1513 3288 1968 3354; x_wconf 73' lang='lat' dir='ltr'><strong>ethisch-religiiise</strong></span> <span class='ocrx_word' id='word_1_172' title='bbox 2022 3291 2061 3338; x_wconf 93' lang='lat' dir='ltr'>F</span> <span class='ocrx_word' id='word_1_173' title='bbox 2066 3291 2337 3340; x_wconf 80' lang='lat' dir='ltr'><strong>undament</strong></span> <span class='ocrx_word' id='word_1_174' title='bbox 2388 3292 2477 3339; x_wconf 90' lang='lat' dir='ltr'><strong>der</strong></span> <span class='ocrx_word' id='word_1_175' title='bbox 2529 3289 2936 3353; x_wconf 88' lang='lat' dir='ltr'><strong>aeschyleischen</strong></span> 
     </span>
     <span class='ocr_line' id='line_1_29' title="bbox 691 3360 2944 3446; baseline 0.002 -21"><span class='ocrx_word' id='word_1_176' title='bbox 691 3378 991 3443; x_wconf 86' lang='lat' dir='ltr'><strong>Tragoedie,</strong></span> <span class='ocrx_word' id='word_1_177' title='bbox 1043 3379 1299 3427; x_wconf 86' lang='lat' dir='ltr'><strong>Konstanz</strong></span> <span class='ocrx_word' id='word_1_178' title='bbox 1356 3378 1500 3442; x_wconf 91' lang='lat'>1878,</span> <span class='ocrx_word' id='word_1_179' title='bbox 1555 3382 1727 3445; x_wconf 85' lang='lat' dir='ltr'><strong>Progr.</strong></span> <span class='ocrx_word' id='word_1_180' title='bbox 1778 3395 1880 3441; x_wconf 90' lang='lat'><strong>490</strong></span> <span class='ocrx_word' id='word_1_181' title='bbox 1931 3399 1983 3446; x_wconf 87' lang='lat' dir='ltr'><strong>p.</strong></span> <span class='ocrx_word' id='word_1_182' title='bbox 2034 3360 2121 3430; x_wconf 79' lang='lat'><strong>18:</strong></span> <span class='ocrx_word' id='word_1_183' title='bbox 2174 3382 2279 3441; x_wconf 85' lang='lat' dir='ltr'><strong>„Es</strong></span> <span class='ocrx_word' id='word_1_184' title='bbox 2329 3382 2401 3431; x_wconf 83' lang='lat' dir='ltr'><strong>sei</strong></span> <span class='ocrx_word' id='word_1_185' title='bbox 2436 3382 2546 3431; x_wconf 88' lang='lat' dir='ltr'><strong>hier</strong></span> <span class='ocrx_word' id='word_1_186' title='bbox 2577 3382 2766 3446; x_wconf 89' lang='lat' dir='ltr'><strong>jedoch</strong></span> <span class='ocrx_word' id='word_1_187' title='bbox 2802 3382 2944 3430; x_wconf 91' lang='lat' dir='ltr'><strong>nicht</strong></span> 
     </span>
     <span class='ocr_line' id='line_1_30' title="bbox 690 3469 2938 3538; baseline 0 -19"><span class='ocrx_word' id='word_1_188' title='bbox 690 3470 1083 3533; x_wconf 87' lang='lat' dir='ltr'><strong>verschwiegen,</strong></span> <span class='ocrx_word' id='word_1_189' title='bbox 1135 3469 1248 3517; x_wconf 86' lang='lat' dir='ltr'><strong>dass</strong></span> <span class='ocrx_word' id='word_1_190' title='bbox 1300 3486 1352 3518; x_wconf 90' lang='lat' dir='ltr'><strong>es</strong></span> <span class='ocrx_word' id='word_1_191' title='bbox 1406 3470 1702 3520; x_wconf 88' lang='lat' dir='ltr'><strong>vereinzelte</strong></span> <span class='ocrx_word' id='word_1_192' title='bbox 1717 3471 1760 3537; x_wconf 82' lang='lat'><strong>(?</strong></span> <span class='ocrx_word' id='word_1_193' title='bbox 1784 3475 1815 3534; x_wconf 82' lang='lat' dir='ltr'><strong>l)</strong></span> <span class='ocrx_word' id='word_1_194' title='bbox 1866 3473 2056 3521; x_wconf 87' lang='lat' dir='ltr'><strong>Stellen</strong></span> <span class='ocrx_word' id='word_1_195' title='bbox 2108 3474 2189 3521; x_wconf 90' lang='lat' dir='ltr'><strong>bei</strong></span> <span class='ocrx_word' id='word_1_196' title='bbox 2236 3474 2522 3538; x_wconf 79' lang='lat' dir='ltr'><strong>Aeschylos</strong></span> <span class='ocrx_word' id='word_1_197' title='bbox 2555 3473 2709 3537; x_wconf 81' lang='lat' dir='ltr'><strong>gicht,</strong></span> <span class='ocrx_word' id='word_1_198' title='bbox 2748 3472 2938 3521; x_wconf 88' lang='lat' dir='ltr'><strong>welche</strong></span> 
     </span>
     <span class='ocr_line' id='line_1_31' title="bbox 693 3561 2935 3629; baseline 0.002 -20"><span class='ocrx_word' id='word_1_199' title='bbox 693 3562 782 3609; x_wconf 89' lang='lat' dir='ltr'><strong>mit</strong></span> <span class='ocrx_word' id='word_1_200' title='bbox 832 3563 922 3610; x_wconf 91' lang='lat' dir='ltr'><strong>der</strong></span> <span class='ocrx_word' id='word_1_201' title='bbox 974 3562 1269 3611; x_wconf 65' lang='lat' dir='ltr'><strong>erlauterten</strong></span> <span class='ocrx_word' id='word_1_202' title='bbox 1321 3561 1827 3627; x_wconf 84' lang='lat' dir='ltr'><strong>Grundanschauung</strong></span> <span class='ocrx_word' id='word_1_203' title='bbox 1874 3564 1943 3611; x_wconf 89' lang='lat' dir='ltr'><strong>im</strong></span> <span class='ocrx_word' id='word_1_204' title='bbox 1980 3564 2340 3629; x_wconf 83' lang='lat' dir='ltr'><strong>Widerspruch</strong></span> <span class='ocrx_word' id='word_1_205' title='bbox 2377 3582 2434 3613; x_wconf 90' lang='lat' dir='ltr'><strong>zu</strong></span> <span class='ocrx_word' id='word_1_206' title='bbox 2468 3565 2641 3613; x_wconf 79' lang='lat' dir='ltr'><strong>stehen</strong></span> <span class='ocrx_word' id='word_1_207' title='bbox 2678 3564 2935 3613; x_wconf 88' lang='lat' dir='ltr'><strong>scheinen.</strong></span> 
     </span>
     <span class='ocr_line' id='line_1_32' title="bbox 692 3651 2941 3719; baseline 0 -18"><span class='ocrx_word' id='word_1_208' title='bbox 692 3654 798 3701; x_wconf 86' lang='lat' dir='ltr'><strong>Vor</strong></span> <span class='ocrx_word' id='word_1_209' title='bbox 835 3653 1002 3701; x_wconf 87' lang='lat' dir='ltr'><strong>Allern</strong></span> <span class='ocrx_word' id='word_1_210' title='bbox 1037 3653 1125 3701; x_wconf 90' lang='lat' dir='ltr'><strong>der</strong></span> <span class='ocrx_word' id='word_1_211' title='bbox 1161 3651 1271 3699; x_wconf 81' lang='lat' dir='ltr'><strong>Rus</strong></span> <span class='ocrx_word' id='word_1_212' title='bbox 1298 3652 1387 3700; x_wconf 92' lang='lat' dir='ltr'><strong>des</strong></span> <span class='ocrx_word' id='word_1_213' title='bbox 1424 3652 1585 3701; x_wconf 90' lang='lat' dir='ltr'><strong>Chors</strong></span> <span class='ocrx_word' id='word_1_214' title='bbox 1619 3654 1686 3701; x_wconf 90' lang='lat' dir='ltr'><strong>im</strong></span> <span class='ocrx_word' id='word_1_215' title='bbox 1723 3656 2094 3719; x_wconf 86' lang='lat' dir='ltr'><strong>Agamemnon,</strong></span> <span class='ocrx_word' id='word_1_216' title='bbox 2130 3657 2181 3703; x_wconf 89' lang='lat' dir='ltr'><strong>in</strong></span> <span class='ocrx_word' id='word_1_217' title='bbox 2216 3656 2313 3704; x_wconf 86' lang='lat' dir='ltr'><strong>den</strong></span> <span class='ocrx_word' id='word_1_218' title='bbox 2333 3672 2385 3705; x_wconf 87' lang='lat' dir='ltr'><strong>cr</strong></span> <span class='ocrx_word' id='word_1_219' title='bbox 2405 3654 2941 3714; x_wconf 88' lang='lat' dir='ltr'><strong>ausbricht,nachdem</strong></span> 
     </span>
     <span class='ocr_line' id='line_1_33' title="bbox 692 3743 2941 3811; baseline 0 -18"><span class='ocrx_word' id='word_1_220' title='bbox 692 3748 1043 3809; x_wconf 87' lang='lat' dir='ltr'><strong>Agamemnon</strong></span> <span class='ocrx_word' id='word_1_221' title='bbox 1092 3743 1315 3807; x_wconf 85' lang='lat' dir='ltr'><strong>gelallen</strong></span> <span class='ocrx_word' id='word_1_222' title='bbox 1367 3745 1429 3792; x_wconf 91' lang='lat' dir='ltr'><strong>ist</strong></span> <span class='ocrx_word' id='word_1_223' title='bbox 1481 3746 1585 3793; x_wconf 89' lang='lat' dir='ltr'><strong>und</strong></span> <span class='ocrx_word' id='word_1_224' title='bbox 1631 3746 1717 3794; x_wconf 89' lang='lat' dir='ltr'><strong>die</strong></span> <span class='ocrx_word' id='word_1_225' title='bbox 1772 3746 1925 3795; x_wconf 88' lang='lat' dir='ltr'><strong>Kette</strong></span> <span class='ocrx_word' id='word_1_226' title='bbox 1958 3762 2173 3811; x_wconf 86' lang='lat' dir='ltr'><strong>grausen</strong></span> <span class='ocrx_word' id='word_1_227' title='bbox 2210 3747 2623 3795; x_wconf 83' lang='lat' dir='ltr'><strong>chhselmords·</strong></span> <span class='ocrx_word' id='word_1_228' title='bbox 2651 3745 2768 3794; x_wconf 87' lang='lat' dir='ltr'><strong>dem</strong></span> <span class='ocrx_word' id='word_1_229' title='bbox 2804 3745 2941 3793; x_wconf 89' lang='lat' dir='ltr'><strong>Chor</strong></span> 
     </span>
     <span class='ocr_line' id='line_1_34' title="bbox 691 3835 1745 3901; baseline 0.003 -17"><span class='ocrx_word' id='word_1_230' title='bbox 691 3836 843 3885; x_wconf 85' lang='lat' dir='ltr'><strong>frisch</strong></span> <span class='ocrx_word' id='word_1_231' title='bbox 879 3836 956 3884; x_wconf 89' lang='lat' dir='ltr'><strong>ins</strong></span> <span class='ocrx_word' id='word_1_232' title='bbox 989 3835 1325 3885; x_wconf 87' lang='lat' dir='ltr'><strong>Bewusstsein</strong></span> <span class='ocrx_word' id='word_1_233' title='bbox 1360 3835 1463 3885; x_wconf 89' lang='lat' dir='ltr'><strong>tritt</strong></span> <span class='ocrx_word' id='word_1_234' title='bbox 1499 3853 1546 3886; x_wconf 87' lang='lat' dir='ltr'><strong>v.</strong></span> <span class='ocrx_word' id='word_1_235' title='bbox 1587 3836 1745 3901; x_wconf 79' lang='lat'>14832</span> 
     </span>
    </p>

    <p class='ocr_par' dir='ltr' id='par_1_15' title="bbox 1023 3927 2026 3994">
     <span class='ocr_line' id='line_1_35' title="bbox 1023 3927 2026 3994; baseline 0.004 -20"><span class='ocrx_word' id='word_1_236' title='bbox 1023 3927 1154 3987; x_wconf 92' lang='lat' dir='ltr'><strong>Ach‚</strong></span> <span class='ocrx_word' id='word_1_237' title='bbox 1189 3927 1431 3991; x_wconf 84' lang='lat' dir='ltr'><strong>trauriger</strong></span> <span class='ocrx_word' id='word_1_238' title='bbox 1467 3928 1635 3976; x_wconf 88' lang='lat' dir='ltr'><strong>Ruhm</strong></span> <span class='ocrx_word' id='word_1_239' title='bbox 1672 3929 1762 3977; x_wconf 89' lang='lat' dir='ltr'><strong>des</strong></span> <span class='ocrx_word' id='word_1_240' title='bbox 1795 3945 2026 3994; x_wconf 86' lang='lat' dir='ltr'><strong>grausen,</strong></span> 
     </span>
    </p>

    <p class='ocr_par' dir='ltr' id='par_1_16' title="bbox 1027 4018 1835 4069">
     <span class='ocr_line' id='line_1_36' title="bbox 1027 4018 1835 4069; baseline 0.005 -4"><span class='ocrx_word' id='word_1_241' title='bbox 1027 4018 1254 4067; x_wconf 88' lang='lat' dir='ltr'><strong>Niemals</strong></span> <span class='ocrx_word' id='word_1_242' title='bbox 1290 4019 1559 4069; x_wconf 88' lang='lat' dir='ltr'><strong>endenden</strong></span> <span class='ocrx_word' id='word_1_243' title='bbox 1595 4020 1835 4069; x_wconf 80' lang='lat' dir='ltr'><strong>Unheilsl</strong></span> 
     </span>
    </p>

    <p class='ocr_par' dir='ltr' id='par_1_17' title="bbox 1025 4109 2149 4175">
     <span class='ocr_line' id='line_1_37' title="bbox 1025 4109 2149 4175; baseline 0.005 -19"><span class='ocrx_word' id='word_1_244' title='bbox 1025 4109 1071 4156; x_wconf 91' lang='lat' dir='ltr'>O</span> <span class='ocrx_word' id='word_1_245' title='bbox 1108 4110 1297 4175; x_wconf 86' lang='lat' dir='ltr'><strong>Graun,</strong></span> <span class='ocrx_word' id='word_1_246' title='bbox 1333 4126 1364 4158; x_wconf 94' lang='lat' dir='ltr'><strong>o</strong></span> <span class='ocrx_word' id='word_1_247' title='bbox 1402 4110 1599 4159; x_wconf 86' lang='lat' dir='ltr'><strong>Graun!</strong></span> <span class='ocrx_word' id='word_1_248' title='bbox 1638 4113 1706 4159; x_wconf 86' lang='lat' dir='ltr'><strong>So</strong></span> <span class='ocrx_word' id='word_1_249' title='bbox 1744 4111 1883 4161; x_wconf 90' lang='lat' dir='ltr'><strong>lenkt</strong></span> <span class='ocrx_word' id='word_1_250' title='bbox 1916 4129 1971 4162; x_wconf 88' lang='lat' dir='ltr'><strong>es</strong></span> <span class='ocrx_word' id='word_1_251' title='bbox 2005 4112 2149 4172; x_wconf 85' lang='lat' dir='ltr'><strong>ZeuS,</strong></span> 
     </span>
    </p>

    <p class='ocr_par' dir='ltr' id='par_1_18' title="bbox 1027 4200 2016 4265">
     <span class='ocr_line' id='line_1_38' title="bbox 1027 4200 2016 4265; baseline 0.004 -17"><span class='ocrx_word' id='word_1_252' title='bbox 1027 4200 1131 4249; x_wconf 85' lang='lat' dir='ltr'><strong>Der</strong></span> <span class='ocrx_word' id='word_1_253' title='bbox 1165 4200 1310 4250; x_wconf 91' lang='lat' dir='ltr'><strong>Alles</strong></span> <span class='ocrx_word' id='word_1_254' title='bbox 1349 4201 1474 4265; x_wconf 81' lang='lat' dir='ltr'><strong>sngt‚</strong></span> <span class='ocrx_word' id='word_1_255' title='bbox 1509 4202 1598 4251; x_wconf 91' lang='lat' dir='ltr'><strong>der</strong></span> <span class='ocrx_word' id='word_1_256' title='bbox 1633 4203 1779 4252; x_wconf 90' lang='lat' dir='ltr'><strong>Alles</strong></span> <span class='ocrx_word' id='word_1_257' title='bbox 1814 4204 2016 4252; x_wconf 82' lang='lat' dir='ltr'><strong>schafft!</strong></span> 
     </span>
    </p>

    <p class='ocr_par' dir='ltr' id='par_1_19' title="bbox 1027 4293 2615 4359">
     <span class='ocr_line' id='line_1_39' title="bbox 1027 4293 2615 4359; baseline 0.002 -20"><span class='ocrx_word' id='word_1_258' title='bbox 1027 4293 1177 4342; x_wconf 91' lang='lat' dir='ltr'><strong>Denn</strong></span> <span class='ocrx_word' id='word_1_259' title='bbox 1212 4310 1314 4342; x_wconf 88' lang='lat' dir='ltr'><strong>was</strong></span> <span class='ocrx_word' id='word_1_260' title='bbox 1346 4294 1608 4359; x_wconf 86' lang='lat' dir='ltr'><strong>geschieht</strong></span> <span class='ocrx_word' id='word_1_261' title='bbox 1641 4295 1759 4343; x_wconf 91' lang='lat' dir='ltr'><strong>dem</strong></span> <span class='ocrx_word' id='word_1_262' title='bbox 1798 4294 2077 4344; x_wconf 88' lang='lat' dir='ltr'><strong>Menschen</strong></span> <span class='ocrx_word' id='word_1_263' title='bbox 2112 4295 2245 4344; x_wconf 89' lang='lat' dir='ltr'><strong>ohne</strong></span> <span class='ocrx_word' id='word_1_264' title='bbox 2279 4296 2415 4355; x_wconf 86' lang='lat' dir='ltr'><strong>dich,</strong></span> <span class='ocrx_word' id='word_1_265' title='bbox 2452 4297 2615 4345; x_wconf 84' lang='lat' dir='ltr'><strong>Zeus?</strong></span> 
     </span>
    </p>

    <p class='ocr_par' dir='ltr' id='par_1_20' title="bbox 691 4383 2939 4543">
     <span class='ocr_line' id='line_1_40' title="bbox 759 4383 2939 4450; baseline 0.001 -19"><span class='ocrx_word' id='word_1_266' title='bbox 759 4384 896 4431; x_wconf 91' lang='lat' dir='ltr'><strong>Aber</strong></span> <span class='ocrx_word' id='word_1_267' title='bbox 931 4383 981 4432; x_wconf 89' lang='lat' dir='ltr'><strong>in</strong></span> <span class='ocrx_word' id='word_1_268' title='bbox 1017 4383 1134 4432; x_wconf 89' lang='lat' dir='ltr'><strong>dem</strong></span> <span class='ocrx_word' id='word_1_269' title='bbox 1167 4383 1350 4433; x_wconf 87' lang='lat' dir='ltr'><strong>letzten</strong></span> <span class='ocrx_word' id='word_1_270' title='bbox 1381 4384 1668 4447; x_wconf 89' lang='lat' dir='ltr'><strong>Abschnitt‚</strong></span> <span class='ocrx_word' id='word_1_271' title='bbox 1702 4385 1792 4433; x_wconf 87' lang='lat' dir='ltr'><strong>der</strong></span> <span class='ocrx_word' id='word_1_272' title='bbox 1821 4385 1925 4434; x_wconf 90' lang='lat' dir='ltr'><strong>sich</strong></span> <span class='ocrx_word' id='word_1_273' title='bbox 1948 4386 2039 4434; x_wconf 90' lang='lat' dir='ltr'><strong>mit</strong></span> <span class='ocrx_word' id='word_1_274' title='bbox 2056 4386 2153 4435; x_wconf 87' lang='lat' dir='ltr'><strong>den</strong></span> <span class='ocrx_word' id='word_1_275' title='bbox 2173 4386 2489 4436; x_wconf 88' lang='lat' dir='ltr'><strong>zahlreichen</strong></span> <span class='ocrx_word' id='word_1_276' title='bbox 2510 4386 2939 4450; x_wconf 74' lang='lat' dir='ltr'><strong>Widersprtichen</strong></span> 
     </span>
     <span class='ocr_line' id='line_1_41' title="bbox 691 4475 2929 4543; baseline -0.001 -16"><span class='ocrx_word' id='word_1_277' title='bbox 691 4475 1030 4542; x_wconf 66' lang='lat' dir='ltr'><strong>beschastigen</strong></span> <span class='ocrx_word' id='word_1_278' title='bbox 1083 4476 1193 4541; x_wconf 80' lang='lat' dir='ltr'><strong>soll,</strong></span> <span class='ocrx_word' id='word_1_279' title='bbox 1230 4476 1421 4525; x_wconf 85' lang='lat' dir='ltr'><strong>welche</strong></span> <span class='ocrx_word' id='word_1_280' title='bbox 1463 4477 1531 4524; x_wconf 89' lang='lat' dir='ltr'><strong>im</strong></span> <span class='ocrx_word' id='word_1_281' title='bbox 1568 4477 1845 4525; x_wconf 87' lang='lat' dir='ltr'><strong>Einzelnen</strong></span> <span class='ocrx_word' id='word_1_282' title='bbox 1884 4477 1973 4526; x_wconf 86' lang='lat' dir='ltr'><strong>das</strong></span> <span class='ocrx_word' id='word_1_283' title='bbox 2006 4494 2178 4542; x_wconf 89' lang='lat' dir='ltr'><strong>grosse</strong></span> <span class='ocrx_word' id='word_1_284' title='bbox 2214 4478 2417 4543; x_wconf 83' lang='lat' dir='ltr'><strong>Princip</strong></span> <span class='ocrx_word' id='word_1_285' title='bbox 2452 4478 2539 4527; x_wconf 82' lang='lat' dir='ltr'><strong>&lt;les</strong></span> <span class='ocrx_word' id='word_1_286' title='bbox 2576 4478 2784 4527; x_wconf 81' lang='lat' dir='ltr'><strong>Ganzen</strong></span> <span class='ocrx_word' id='word_1_287' title='bbox 2818 4478 2929 4526; x_wconf 87' lang='lat' dir='ltr'><strong>aus-</strong></span> 
     </span>
    </p>
   </div>
  </div>
 </body>
</html>
