3442 4975
1641 402 1791 471 57·

549 587 615 645 et
681 578 952 661 passim,
1026 578 1143 641 sed
1190 575 1638 653 nihilominuS,
1685 598 1839 639 cum
1884 576 2179 661 aliquem
2224 576 2407 642 audit
2449 574 2797 655 fremitum,

548 694 877 759 exclamat
925 694 1012 777 (v.
1069 690 1256 775 127):

638 812 773 869 πᾶν
821 828 924 888 μοι
973 806 1240 891 φοβερόν
1291 804 1363 867 τὸ
1411 802 1790 887 προσέρπον,

548 925 636 987 ita
681 931 755 986 ut
800 921 1042 986 chorus
1085 942 1238 987 eum
1277 920 1540 1005 placare
1577 921 1813 985 debeat
1838 919 1940 984 his
1966 920 2221 986 verbis:
2269 915 2459 1001 μηδὲν
2486 919 2797 1003 φοβηθῇς.

638 1038 768 1101 Vv.
842 1050 1052 1117 513—-
1066 1048 1185 1117 515
1273 1022 1557 1118 denique
1640 1035 2069 1099 Prometheus
2150 1035 2307 1098 dicit
2383 1032 2642 1115 ΠΙοίρας
2712 1033 2800 1116 (et

552 1151 856 1235 Erinyes)
923 1150 1090 1214 velle
1149 1150 1366 1232 ipsum
1427 1150 1789 1215 innumeris
1836 1149 2111 1213 fractum
2161 1148 2495 1212 doloribus
2541 1147 2800 1211 vincula

548 1266 817 1330 tandem
867 1264 1186 1347 effugere:

905 1374 978 1439 οὐ
1026 1386 1240 1442 ταῦτα
1287 1378 1496 1462 ταύτῃ
1542 1381 1729 1458 μοῖρά
1778 1398 1881 1438 πω
1929 1372 2297 1457 τελεσφόρος

913 1496 1140 1574 κρᾶναι
1191 1489 1550 1579 πέπρωται,
1596 1489 1855 1574 μυρίαι-ς
1900 1488 1964 1553 δὲ
2012 1495 2329 1573 πημοναῖς

914 1603 1096 1677 δύαις
1142 1628 1208 1667 τε
1259 1606 1573 1686 καμφθεὶς
1620 1591 1739 1667 ὧδε
1788 1602 1985 1686 δέσμα
2030 1610 2353 1686 φυγγάνω·

552 1722 685 1787 Sed
757 1744 821 1786 v.
894 1720 1013 1785 261
1095 1719 1245 1783 huic
1315 1720 1464 1784 loco
1524 1728 1867 1803 repugnat,
1926 1741 2078 1785 cum
2141 1720 2229 1783 ibi
2289 1719 2493 1783 choro
2542 1722 2799 1801 roganti

554 1838 641 1921 (v.
692 1835 880 1920 260):

643 1947 780 2013 οὐδ’
829 1946 1007 2009 ἔστιν
1054 1943 1266 2009 ἄθλου
1314 1943 1512 2029 τέρμα
1556 1968 1653 2009 σοι
1704 1944 2146 2029 προκείμενον,

557 2063 978 2147 respondeat:

641 2178 754 2242 οὐκ
800 2174 962 2244 ἄλλο
1005 2180 1063 2253 γ’
1109 2172 1314 2254 οὐδέν,
1365 2172 1534 2255 πλὴν
1581 2177 1743 2237 ὅταν
1794 2171 1980 2256 κείνῳ
2037 2171 2097 2256 Ι)
2143 2170 2311 2255 δοκῇ.

644 2296 838 2359 Nunc
907 2295 1104 2359 etiam
1172 2293 1743 2372 demonstrabitur,
1812 2312 2012 2377 quam
2072 2291 2493 2357 vehementer
2538 2292 2801 2356 Prome-

551 2409 746 2473 theus
812 2432 874 2473 v.
952 2409 1096 2490 518,
1167 2408 1378 2472 verbis
1448 2407 1651 2486 ludat,
1709 2407 1970 2472 dicens:
2044 2402 2355 2488 μνήμονές
2402 2409 2461 2466 τ’
2506 2409 2801 2490 Ἐρινύες

553 2526 712 2608 (scil.
782 2525 1066 2606 ἀνάγκης
1135 2522 1295 2585 εΐσὶν
1366 2521 1857 2604 οἷακοστρόφοι),
1928 2542 2065 2605 quo
2125 2521 2557 2604 respondeam
2605 2543 2800 2605 quae-

558 2640 776 2715 stioni,
804 2661 1000 2722 quam
1029 2659 1227 2721 supra
1251 2639 1335 2702 de
1359 2638 1459 2702 his
1483 2637 1734 2703 deabus
1760 2638 1957 2700 movi.
1991 2637 2120 2700 Vv.
2146 2635 2448 2718 906—91
2470 2653 2495 2699 1
2528 2636 2798 2718 legitur:

732 2757 891 2815 ΠΡ.
958 2745 1164 2832 ἦμὴν
1213 2749 1309 2812 ἔτι
1357 2753 1536 2829 Ζεύς,
1586 2748 1815 2832 καίπερ
1866 2746 2132 2832 αὐθάδη
2177 2753 2451 2834 φρονῶν,

958 2865 1141 2928 ἔσται
1193 2869 1516 2944 ταπεινός,
1563 2859 1692 2927 οἷον
1744 2863 2119 2946 ἐξαρτύεται

967 2983 1169 3062 γάμον
1216 2985 1465 3060 γαμεῖν,
1512 2981 1578 3051 ὃς
1625 2976 1823 3041 αὐτὸν
1874 2980 1938 3040 ἐκ
1986 2976 2366 3059 τυραννίδος

954 3096 1210 3176 θρόνων
1261 3092 1384 3178 [τ’]
1431 3095 1654 3155 ἄιστον
1704 3089 1985 3176 ἐκβαλεῖ·
2034 3093 2277 3175 πατρὸς
2324 3092 2379 3155 δ’
2425 3094 2550 3175 οἷρά

953 3189 1218 3288 Κρόνον
1256 3209 1393 3268 τότ’
1438 3202 1558 3286 ἤδη
1605 3201 1943 3276 παντελῶς
1992 3211 2448 3286 κρανθήσεται,

960 3323 1037 3398 ἢν
1088 3317 1410 3381 ἐκπίτνων
1461 3319 1654 3400 ἠρᾶτο
1702 3315 1984 3401 δηναιῶν
2034 3322 2309 3400 θρόνων.

647 3435 779 3498 Hic
825 3433 1025 3516 igitur
1070 3433 1154 3497 de
1201 3435 1458 3513 Κρόνου
1504 3433 1705 3516 patris
1755 3431 1881 3514 (ἐρᾷ
1929 3453 2145 3497 sermo
2193 3442 2309 3498 est.
2378 3433 2511 3498 Sed
2559 3437 2801 3516 πατρὸς

557 3546 682 3630 οῑρά
750 3549 927 3630 apud
989 3546 1400 3629 Aeschylum
1469 3546 1664 3630 plane
1734 3547 1909 3611 idem
1956 3556 2059 3612 est
2104 3569 2181 3611 ac
2230 3549 2471 3628 πατρὸς
2518 3553 2799 3630 Ἐρινύς,

557 3663 748 3726 sicuti
789 3662 913 3726 sub
955 3671 1126 3726 terra
1164 3665 1458 3743 Ἐρινύες
1483 3659 1662 3742 Ἀραὶ
1701 3661 2129 3745 appellantur.
2160 3662 2224 3742 2)
2272 3664 2359 3726 Et
2382 3664 2529 3727 licet
2556 3667 2802 3745 Κρόνος

558 3778 697 3860 ipse
743 3777 1038 3855 intereat,
1084 3775 1241 3858 Ἀρά
1287 3776 1391 3841 vel
1436 3775 1698 3858 Ἐρινύς
1744 3778 1885 3840 eius
1933 3778 2190 3841 interire
2236 3798 2367 3841 non
2406 3787 2645 3861 potest,
2686 3781 2800 3842 sed

557 3912 818 3975 semper
903 3911 1159 3955 memor
1227 3899 1326 3955 est
1394 3890 1570 3954 Iovis
1638 3892 2012 3973 impietatiS,
2083 3893 2267 3956 cuius
2334 3912 2617 3974 poenam
2688 3893 2800 3957 ali-

629 4103 676 4170 1)
710 4102 825 4152 Iovi
858 4102 968 4154 scil.

622 4200 673 4261 2)
707 4197 867 4249 Eum.
899 4209 1018 4260 413:

1025 4287 1189 4356 ’Λραὶ
1225 4287 1282 4336 ‹5’
1317 4289 1376 4338 ἓν
1410 4285 1566 4344 οἴκοις
1602 4291 1704 4352 γῆς
1743 4287 1875 4338 ὑπαὶ
1914 4285 2249 4351 κεκλήμεθα.

624 4383 770 4431 Haec
805 4382 908 4431 duo
943 4380 1148 4430 nomina
1181 4378 1446 4431 coniuncta
1481 4389 1596 4428 sunt
1632 4379 1769 4443 Sept.
1810 4389 1901 4442 70:

556 4461 682 4542 Ἀρά
719 4475 767 4522 τ’
801 4472 1022 4542 Ἐρινὺς
1058 4475 1262 4542 πατρὸς
1300 4474 1332 4538 ἡ
1368 4472 1747 4538 μεγασθενής,
1783 4470 1817 4520 i.
1846 4486 1915 4524 αἱ
1955 4472 2039 4520 καὶ
2073 4471 2322 4540 σὺ,Ἀρὰ
2344 4469 2559 4538 Ἐρινὺς
2578 4469 2801 4537 πατρός.
