3442 4975
1562 363 1675 408 111

584 535 671 598 Et
736 554 913 610 sane,
984 534 1038 596 si
1109 532 1211 595 dei
1282 540 1440 595 nutu
1515 532 1772 595 caelum
1845 542 1910 595 et
1956 542 2126 596 terra
2174 541 2240 596 et
2288 553 2470 595 mare
2517 534 2753 615 permi-

497 649 862 725 scebantur,
909 656 1023 710 aut
1068 649 1120 709 si
1171 647 1436 709 Xerxes
1483 667 1642 709 sana
1691 656 1907 710 mente
1930 647 2331 730 privabatur,
2356 648 2502 730 quis
2539 645 2746 710 Grae-

498 782 727 825 corum
795 770 1075 844 putaret,
1142 780 1412 843 quaeSO,
1477 759 1606 822 deo
1652 760 1736 822 ad
1783 759 1900 823 has
1948 781 2051 823 res
2099 760 2471 824 efficiendas
2519 760 2743 823 labore

499 884 565 938 et
630 876 1046 938 contentione
1117 894 1284 956 opus
1333 874 1582 936 fuisse?
1674 872 1843 937 Sunt
1889 875 2157 956 quidem
2207 875 2291 936 dii
2341 873 2637 956 deaeque
2687 874 2755 935 in

498 987 819 1071 Aeschyli
867 987 1126 1062 fabulis,
1174 1007 1458 1069 quorum
1503 989 1794 1069 potentia
1841 988 2203 1051 admodum
2244 965 2449 1071 ⁴parva
2478 989 2752 1063 videtur,

503 1112 575 1165 ut
613 1123 667 1166 e.
707 1121 804 1184 gr.
845 1101 1188 1182 Erinyum,
1232 1101 1472 1194 quippe
1512 1121 1680 1182 quae
1716 1101 1802 1166 ab
1846 1101 2205 1164 minoribus
2230 1102 2355 1164 diis
2387 1112 2458 1165 ut
2482 1102 2754 1166 infantes

501 1224 878 1291 tractentur,
949 1216 1065 1278 sed
1135 1215 1297 1278 haec
1368 1217 1580 1296 magis
1643 1217 1727 1278 ad
1788 1216 2107 1300 Aeschyli
2156 1226 2363 1281 artem
2409 1218 2752 1300 pertinent,

502 1339 568 1394 et
633 1338 965 1412 praeterea
1033 1329 1138 1392 hic
1208 1351 1339 1393 non
1400 1330 1679 1413 amplius
1743 1319 2096 1413 quaeritur,
2146 1333 2489 1414 quomodo
2536 1332 2756 1394 divina

501 1448 794 1530 potentia
861 1447 1025 1510 inter
1094 1447 1255 1510 deos
1324 1448 1535 1511 divisa
1604 1449 1707 1526 sit,
1756 1449 1871 1512 sed
1919 1449 2047 1512 hoc
2091 1451 2333 1533 potiuS,
2382 1459 2627 1533 quanta
2674 1451 2758 1512 sit

505 1581 790 1630 summa¹
826 1560 1022 1623 huius
1091 1561 1348 1625 divinae
1414 1563 1766 1643 potentiae.
1862 1563 2098 1646 Neque
2146 1564 2375 1627 dubito
2435 1562 2757 1626 affirmare

504 1675 701 1738 talem
747 1676 1130 1759 potentiam,
1177 1676 1440 1758 qualem
1487 1678 1569 1740 ab
1617 1676 1959 1760 Aeschylo
2009 1678 2233 1742 divino
2282 1679 2531 1741 numini
2577 1679 2754 1741 attri-

504 1789 617 1851 bui
702 1789 1019 1866 videmuS,
1106 1789 1422 1853 infinitam
1497 1811 1639 1854 esse
1707 1800 1908 1874 atque
1976 1792 2110 1855 fere
2181 1794 2480 1870 eandem,
2554 1813 2755 1875 quam

509 1901 850 1966 Christiani
896 1924 1017 1966 suo
1064 1905 1188 1966 deo
1228 1925 1490 1968 summo
1528 1906 1666 1967 iure
1693 1906 2075 1984 attribuunt,
2113 1927 2442 1989 quamque
2464 1905 2757 1989 theologi

509 2018 1050 2100 omnipotentiam
1099 2039 1334 2082 vocare
1380 2017 1614 2083 solent.
1672 2019 1730 2100 1)

582 2241 627 2308 1)
678 2241 811 2291 Vide
863 2241 930 2290 G.
1007 2242 1232 2304 Dronke‚
1307 2241 1409 2290 Die
1464 2241 1731 2306 religiosen
1784 2242 1887 2291 und
1937 2242 2187 2292 sittlichen
2238 2242 2625 2307 Vorstellungen
2674 2244 2763 2293 des

510 2333 790 2397 Aeschylos
826 2333 928 2381 und
965 2333 1258 2398 Sophocles,
1292 2350 1340 2398 p.
1379 2342 1424 2394 7.
1463 2332 1566 2383 Cfr.
1602 2349 1652 2397 p.
1689 2347 1771 2393 24,
1807 2341 1973 2382 annot.
2010 2335 2052 2392 Ι,
2077 2335 2150 2384 II.
2184 2363 2251 2372 —
2288 2335 2423 2383 Iovis
2440 2335 2758 2398 cognomina,

511 2424 576 2472 ad
611 2424 716 2472 eius
749 2424 1021 2490 potentiam
1055 2424 1348 2489 spectantia,
1384 2424 1497 2473 vide
1531 2442 1580 2491 p.
1617 2439 1832 2489 30—31.
