3442 4975
1603 428 1680 491 17

913 593 962 662 ὧ
1010 598 1138 673 δῖός
1185 603 1385 680 αῖθὴρ
1436 601 1539 659 καὶ
1588 604 1977 681 ταχύπτεροι
2029 600 2253 678 πνοαί,

915 704 1227 781 ποταμῶν
1277 724 1344 762 τε
1398 700 1622 782 πηγαί,
1672 700 1961 761 ποντίων
2011 724 2077 761 τε
2128 705 2429 780 κυμάτων

911 806 1272 884 ἀνήριθμον
1321 800 1630 882 γέλασμα,
1680 806 2019 884 παμμῆτόρ
2069 827 2137 864 τε
2186 808 2285 881 γῆ,

917 908 1020 966 καὶ
1069 908 1180 967 τόν
1231 909 1577 986 πανόπτην
1627 901 1858 967 κύκλον
1906 902 2089 985 ἡλίου
2138 902 2333 966 καλὼ·

917 1004 1134 1067 ἴδεσθέ
1181 1011 1247 1085 μ’
1293 1002 1394 1067 οἷα
1445 1010 1599 1087 πρὸ,·
1648 1008 1821 1067 θεῶν
1873 1010 2105 1089 πάσχω
2154 1010 2319 1077 θεὸς.

921 1105 1236 1189 δέρχθηθ’
1281 1108 1445 1181 οἵαις
1493 1108 1808 1170 αῖκίαισιν

913 1207 1392 1289 διακναιόμενος
1438 1213 1552 1271 τόν
1597 1216 1863 1291 μυριετῆ

919 1314 1142 1394 χρόνον
1191 1308 1516 1375 ἀθλεύσω.

605 1424 806 1506 Quod
873 1434 1094 1488 autem
1166 1428 1249 1489 ad
1318 1447 1455 1503 eOS,
1532 1428 1644 1509 qui
1715 1435 2033 1508 tanquam
2106 1426 2193 1489 dii
2257 1427 2657 1489 inducuntur
2704 1432 2772 1490 el:

514 1546 890 1615 tractantur,
975 1539 1295 1603 memoria
1361 1540 1719 1603 tenendum
1792 1548 1891 1603 est
1962 1539 2375 1621 Aeschylum
2444 1542 2767 1603 interdum

453 1732 456 1734 Α
513 1653 635 1715 sibi
705 1652 920 1735 ipsum
991 1653 1152 1715 deos
1222 1654 1660 1737 excogitasse,
1735 1661 1807 1716 ut
1873 1674 1929 1716 e.
1991 1674 2099 1735 gr.
2170 1662 2427 1717 constat
2496 1654 2579 1717 de
2640 1656 2767 1717 deo

521 1765 1032 1848 AmphidromO,
1090 1766 1150 1849 1)
1199 1767 1370 1830 unde
1415 1775 1616 1849 patet,
1666 1788 1867 1849 quam
1914 1768 2098 1848 parvi
2130 1766 2509 1851 Aeschylus
2536 1789 2767 1831 omnes

511 1880 660 1942 illos
731 1880 1238 1943 innumerabiles
1307 1881 1468 1943 deos
1539 1881 1829 1957 duceret,
1899 1902 2050 1943 cum
2100 1902 2305 1945 unum
2354 1882 2551 1945 deum
2601 1884 2765 1945 mul-

511 1993 769 2057 titudini
832 2014 1062 2055 eorum
1125 1994 1367 2056 addere
1413 2004 1527 2057 aut
1572 1994 1861 2057 adimere
1908 2015 2040 2057 non
2090 1995 2369 2058 multum
2420 1996 2653 2059 referre
2706 2000 2765 2059 ei

518 2108 866 2171 videretur.
895 2106 1097 2188 Quod
1127 2108 1410 2190 denique
1433 2110 1514 2171 ad
1541 2108 1645 2170 dci
1665 2128 1927 2186 nomen,
1956 2130 2091 2191 quo
2118 2118 2381 2173 ornatae
2408 2120 2559 2174 sunt
2584 2133 2640 2174 e.
2668 2133 2766 2193 gr.

511 2226 782 2303 .Μοῖ.ραι,
852 2224 1164 2303 Ἐρινύες,
1231 2223 1440 2304 ”Ερι,·,
1509 2225 1658 2286 inde
1706 2224 1865 2287 nihil
1914 2224 2081 2287 effici
2127 2234 2366 2307 potest,
2417 2234 2767 2308 propterea

525 2337 703 2419 quod
753 2338 946 2401 etiam
990 2337 1233 2404 felicem
1278 2358 1406 2399 esse
1451 2338 1613 2400 deus
1662 2338 1901 2401 dicitur
1956 2338 2226 2419 Clcoeplc.
2283 2354 2311 2420 5
2324 2354 2577 2420 3—54:

1784 2452 1857 2512 τό
1906 2450 1962 2514 δ’
2010 2452 2319 2535 εὐτυχεῖν,

824 2564 959 2628 τόδ’
1009 2568 1074 2627 ἐν
1124 2567 1372 2650 βροτοῖς
1421 2570 1567 2637 θεός
1617 2589 1684 2627 τε
1736 2550 1841 2626 καὶ
1890 2569 2046 2628 θεοῦ
2094 2565 2311 2630 πλέον.
2365 2573 2424 2646 2)

597 2679 898 2762 Apparet
944 2681 1142 2762 igitur
1185 2702 1375 2743 usum
1413 2681 1594 2744 verbi
1636 2681 1819 2763 quod
1845 2691 1940 2744 est
1969 2683 2113 2753 θεὸς
2138 2682 2313 2763 apud
2346 2681 2760 2764 Aeschylum

513 2816 644 2858 non
716 2797 933 2858 minus
1002 2796 1130 2859 late
1198 2805 1420 2877 patere
1489 2817 1686 2878 quam
1736 2797 1801 2858 in
1849 2796 2063 2860 Sacris
2111 2795 2348 2874 Libris,
2400 2796 2508 2858 ubi
2558 2817 2613 2858 e.
2665 2818 2763 2878 gr.

513 2909 785 2992 legitur:
837 2907 1063 2970 πολλοὶ
1110 2911 1230 2989 γὰρ
1279 2919 1831 2987 περιπατοῦσινν..
1876 2893 1964 2970 ὧν
2013 2911 2050 2971 ό
2092 2891 2241 2982 θεᾷἱ
2292 2915 2328 2989 η’
2376 2907 2646 2970 κοιλία...
2681 2909 2763 2991 3).

603 3023 737 3086 Sed
797 3025 993 3086 etiam
1056 3025 1166 3086 ubi
1215 3015 1614 3105 AeschyluS,
1664 3025 1844 3106 quod
1896 3026 2102 3086 maius
2149 3033 2269 3100 est,
2318 3025 2404 3086 ita
2451 3024 2759 3106 loquitur,
2841 3094 2845 3100 ,

524 3139 707 3220 quasi
756 3158 984 3201 revera
1030 3139 1352 3220 cogitaret
1398 3137 1480 3200 de
1528 3138 1758 3200 divinis
1798 3139 2093 3219 personis
2141 3138 2282 3219 (cfr.
2328 3144 2524 3217 μᾶτερ
2543 3139 2631 3226 ,Ν
2633 3135 2756 3218 ῦξ),

516 3273 598 3315 ne
667 3261 808 3315 tum
880 3253 1147 3335 quidem
1217 3260 1414 3334 poeta
1485 3252 1728 3334 ubique
1796 3251 2125 3333 putandus
2183 3258 2284 3313 est
2328 3271 2513 3313 suam
2562 3251 2761 3332 ipsius

507 3365 798 3446 proferre
885 3367 1286 3448 opinionem,
1374 3365 1489 3427 sed
1558 3367 1777 3447 potius
1852 3364 2131 3446 figuram
2206 3363 2759 3444 προσωποποιίας,

513 3497 682 3560 quae
729 3479 983 3557 dicitur,
1025 3479 1354 3554 adhibere,
1407 3498 1576 3562 quae
1624 3480 1682 3542 ei
1736 3487 1806 3566 ut
1827 3486 2063 3561 poetae
2090 3481 2380 3544 maxime
2403 3480 2666 3561 placuit.
2693 3480 2761 3561 4)

587 3776 634 3843 1)
669 3775 902 3827 Testatur
939 3777 1074 3826 hanc
1109 3793 1213 3826 rem
1252 3777 1541 3842 Hesychius
1574 3779 1666 3828 sub
1704 3795 1827 3828 voce
1864 3779 2215 3846 ἀμφίδρομος·
2252 3779 2523 3846 Αἰσχύλος
2543 3779 2760 3846 Σεμέλῃ

513 3867 716 3916 ε’,τλασε
778 3868 1012 3928 δαίμονα
1051 3871 1233 3917 καινὸν
1269 3873 1393 3934 περὶ
1429 3873 1499 3917 τὰ
1539 3870 1895 3937 ἀμφιδρόμια,
1947 3869 2065 3919 ὡσεὶ
2104 3870 2287 3935 ἔλεγες
2324 3873 2418 3920 ’τὸν
2457 3870 2761 3920 Γενέθλιον

507 3960 636 4024 (Csr.
684 3961 884 4019 Nauck,
941 3959 1094 4025 Trag.
1141 3960 1321 4010 Graec.
1357 3961 1533 4026 fragm.
1569 3980 1620 4027 p.
1659 3962 1780 4028 732).
1817 3964 1949 4012 Vide
1984 3963 2135 4012 etiam
2171 3965 2235 4013 R.
2275 3963 2447 4028 Haym
2484 3963 2531 4012 in
2568 3965 2760 4014 dissert.

513 4052 593 4099 De
644 4067 812 4099 rerum
863 4051 1145 4100 divinarum
1197 4051 1334 4115 apud
1369 4053 1677 4117 Aeschylum
1732 4054 2037 4116 conditione,
2070 4071 2119 4118 p.
2156 4065 2369 4118 22—23‚
2404 4053 2490 4102 ubi
2525 4055 2665 4104 locos
2700 4073 2761 4106 ex

512 4143 768 4192 Welckeri
817 4150 868 4192 et
919 4143 1170 4208 Droyseni
1202 4144 1435 4208 operibus
1469 4145 1623 4196 addit.

579 4232 628 4298 2)
698 4233 801 4296 Qui
837 4235 934 4282 hoc
973 4236 1108 4284 θεοῦ
1145 4251 1329 4303 nomen
1365 4236 1760 4301 intellegendum
1794 4238 1872 4296 sit,
1907 4244 2115 4302 apparet
2149 4254 2209 4286 ex
2245 4239 2380 4302 Sept.
2413 4237 2543 4286 608:

1019 4328 1154 4376 θεοῦ
1193 4326 1258 4375 δὲ
1297 4328 1469 4393 δῶρόν
1508 4330 1656 4377 ἐστιν
1693 4331 1945 4395 εὐτυχεῖν
1979 4331 2227 4396 βροτούς.
2432 4313 2436 4318 ’

578 4415 627 4481 3)
664 4417 746 4464 Ad
783 4417 999 4482 Philipp.
1038 4417 1139 4478 111,
1181 4419 1259 4476 18,
1301 4431 1377 4480 19.

576 4506 629 4573 4)
699 4507 945 4574 Exempla
980 4514 1407 4576 προσωποποιίας
1442 4519 1556 4560 sunt
1589 4518 1783 4577 praeter
1817 4512 1975 4561 multa
2010 4511 2135 4563 alia:
2172 4513 2437 4577 Agant.6:
2479 4511 2760 4579 λαμπροὺς

2458 4621 2493 4664 2
