3442 4975
1502 496 1507 501 ι
1563 417 1682 480 127

495 595 838 678 pertineat,
884 601 1104 655 tamen
1154 592 1412 654 Dareus
1460 589 1566 653 hic
1614 589 1925 671 loquitur,
1975 589 2159 671 quasi
2205 588 2286 651 ad
2314 607 2541 650 sanam
2572 606 2751 648 men·

498 719 630 772 tem
679 708 890 771 redire
913 707 976 769 in
1004 707 1203 789 ipsius
1233 705 1499 781 XerxiS‚
1527 704 1831 786 quamvis
1856 700 2393 786 θεοβλαβοῦντος,
2423 708 2747 784 potestate

502 831 676 885 esset
720 822 1030 905 positum.

592 936 844 999 Eadem
914 935 1117 1011 noti0,
1179 955 1386 1017 quam
1457 931 1656 996 habet
1727 927 2136 1015 θεοβλάβεια,
2207 932 2371 992 inest
2436 930 2499 991 in
2564 947 2749 1004 voce,

502 1071 671 1132 quae
740 1059 846 1112 est·
883 1050 1057 1130 ἄτη,
1123 1048 1231 1111 ubi
1295 1048 1432 1112 scil.
1481 1049 1630 1128 ἄτη,
1676 1047 1758 1109 ad
1807 1044 2095 1108 hominis
2143 1053 2427 1107 mentem
2475 1043 2752 1105 refertur

501 1175 567 1229 et
610 1186 648 1227 a
694 1165 1292 1247 deo-proficiscitur
1339 1173 1411 1226 ut
1457 1164 1691 1244 Agam.
1750 1160 2125 1238 126—127:

503 1269 633 1342 οἷον
678 1283 762 1359 μή
810 1302 907 1351 τις
952 1281 1085 1340 ἄτα
1125 1281 1358 1341 θεόθεν
1386 1279 1661 1360 κνεφάσῃ
1690 1274 2017 1356 προτυπὲν
2043 1279 2299 1366 στόμιον
2324 1269 2483 1351 μέγα
2517 1270 2751 1349 Τροίας

505 1390 897 1474 στρατωθέν,

593 1503 825 1590 Βλαβὴ
896 1506 1069 1568 enim
1140 1506 1312 1568 idern
1383 1503 1720 1591 significat-
1779 1503 1959 1585 quod
2008 1504 2134 1583 ἄτη
2180 1500 2337 1580 (scil.
2388 1498 2749 1580 damnum),

505 1639 664 1702 ergo
714 1615 1100 1704 θεοβλάβεια
1147 1619 1321 1681 idem
1370 1617 1688 1700 significat
1735 1616 1914 1698 quod
1963 1617 2094 1676 ἄτα
2144 1616 2403 1674 θεόθεν.

593 1732 724 1796 Sed
772 1734 965 1795 etiam
1014 1732 1312 1796 disertius
1359 1731 1620 1794 divinus
1667 1729 1989 1812 impulsus
2036 1726 2459 1808 significatur,
2512 1723 2618 1786 ubi
2667 1725 2752 1786 de

503 1846 726 1910 divina
767 1847 1008 1918 fraude
1051 1866 1268 1908 sermo
1314 1853 1431 1907 est.
2562 1846 2568 1852 '

593 1960 716 2023 Vir
762 1956 1126 2042 θεοβλαβὴς
1170 1959 1343 2020 enim
1390 1976 1546 2019 sana
1596 1965 1813 2018 mente
1858 1956 2146 2038 privatus
2192 1962 2314 2031 est,
2360 1973 2497 2035 quo
2544 1951 2633 2028 fit,
2685 1961 2753 2014 ut

507 2073 717 2135 bonas
784 2081 850 2135 et
917 2071 1120 2133 malas
1188 2071 1475 2133 actiones
1545 2090 1676 2132 non
1747 2069 2029 2151 amplius
2100 2068 2470 2130 discernere
2524 2065 2751 2147 possit.

510 2186 630 2247 Per
675 2185 974 2248 fraudem
1020 2192 1240 2248 autem
1288 2184 1450 2246 deus
1494 2183 1710 2260 efficit,
1759 2192 1834 2245 ut
1880 2180 2084 2244 homo
2108 2179 2397 2262 aliquam
2423 2179 2752 2245 actionem

512 2297 757 2361 bonam
825 2307 890 2361 et
960 2297 1183 2361 utilem
1257 2318 1400 2360 esse
1469 2305 1654 2378 putet
1721 2305 1787 2358 et
1843 2295 2019 2371 hanc
2090 2294 2177 2356 ob
2250 2312 2387 2355 rem
2434 2291 2751 2375 perficiat,

509 2412 810 2494 quamvis
880 2413 964 2474 sit
1034 2410 1203 2473 mala
1251 2418 1314 2473 et
1359 2411 1555 2493 impia
1609 2414 1688 2487 1).
1741 2407 2067 2491 Etwtalem
2117 2407 2403 2470 divinam
2451 2405 2751 2469 fraudem

511 2544 706 2587 nemo
743 2535 969 2607 ,potest
1015 2524 1325 2606 effugere,
1371 2524 1542 2587 Pers,
1601 2522 1981 2603 105-1062

1177 2633 1515 2719 δολόμητιν
1545 2632 1619 2696 ’δ’
1666 2636 1932 2699 οἷπάταν
1978 2638 2133 2697 θεοῦ

1176 2749 1271 2821 τίς
1318 2748 1476 2831 ἀνὴρ
1524 2754 1770 2821 θνατὸς
1814 2746 2069 2824 ἀλύξεις

599 2866 729 2930 Sed
776 2874 846 2929 ut
891 2864 1270 2948 Aeschylus
1318 2860 1743 2949 θεοβλαβείας
1788 2863 2049 2946 culpam
2097 2863 2181 2926 ad
2207 2861 2540 2927 hominem
2567 2862 2757 2925 refert

509 2982 684 3064 (vide
753 2979 972 3062 supra)
1034 2990 1230 3061 atque
1277 2980 1362 3041 ita
1410 2977 1718 3040 iustitiam
1771 2980 1832 3059 (i.
1883 2999 1938 3041 e.
1988 2977 2419 3059 sanctitatem)
2468 2978 2755 3041 divinam

513 3190 762 3239 zwischen
811 3194 900 3252 gut
953 3188 1057 3236 und
1107 3188 1333 3237 schlecht
1367 3188 1508 3240 nicht
1541 3188 1685 3237 mehr
1717 3188 2103 3237 unterscheiden
2138 3188 2292 3251 kann,
2326 3188 2430 3237 und
2466 3188 2551 3237 die
2589 3188 2753 3237 Herr-

514 3279 676 3330 schaft
729 3280 851 3327 uber
885 3278 1139 3328 unlautere
1174 3278 1482 3344 Neigungen
1517 3279 1736 3329 vex-liert.
1793 3279 1893 3329 Die
1930 3280 2391 3345 Handlungsweise
2425 3280 2513 3329 des
2550 3280 2758 3340 XerxeS‚

514 3371 652 3420 seine
689 3373 865 3437 ὕβρις,
902 3370 1027 3419 wird
1066 3383 1161 3433 749
1199 3370 1347 3427 νόσος
1383 3375 1582 3438 φρενῶν
1617 3378 1855 3434 genanut,
1874 3371 2007 3419 ohne
2025 3372 2141 3420 dass
2159 3371 2306 3420 dabei
2326 3371 2461 3420 einer
2479 3371 2757 3435 gottlichen

515 3462 846 3525 Einwirkung
878 3460 1095 3525 gedacht
1131 3460 1273 3511 wird.
1301 3460 1516 3517 Nimmt-
1539 3477 1656 3510 man
1692 3478 1795 3511 nun
1812 3461 1895 3510 die
1918 3462 2252 3527 Hindeutung
2270 3462 2359 3511 auf
2371 3462 2451 3511 die
2470 3446 2758 3511 schlechten

516 3552 854 3617 Rathschlage
887 3552 1042 3601 hinzu
1077 3552 1330 3601 und.dass
1367 3553 1558 3601 Xerxes
1592 3553 1708 3613 sich,
1737 3554 1891 3603 se'bst
1926 3553 2000 3602 als
2035 3554 2267 3611 Urheber
2302 3555 2390 3603 des
2410 3554 2759 3619 Ungeschicks

515 3644 737 3709 anklagt,
788 3659 844 3691 so
895 3643 1114 3693 leuchtet
1159 3643 1259 3703 ein,
1293 3644 1407 3692 dass
1443 3644 1533 3693 das
1573 3644 1967 3709 Hauptgewicht
2000 3645 2090 3694 auf
2117 3645 2201 3695 die
2238 3645 2759 3710 Selbstbestimmung‚

513 3735 775 3785 nicht.auf
801 3735 886 3783 die
923 3735 1218 3800 Bethorung
1252 3736 1421 3800 gelegt
1454 3736 1659 3785 werden
1693 3752 1845 3786 muSS.
1904 3737 2079 3785 Damit
2113 3737 2302 3786 stimmt
2338 3738 2474 3787 denn
2509 3738 2637 3786 auch
2671 3738 2761 3787 der

515 3827 710 3893 Spruch
761 3827 993 3878 tiberein:
1050 3826 1172 3875 ἀλλ’
1208 3828 1341 3875 ὅταν
1380 3828 1595 3894 σπεύδῃ
1628 3846 1712 3886 τις
1748 3829 1925 3894 αὐτὸς,
1960 3828 2033 3895 χώ
2073 3830 2201 3886 θεὸς
2237 3828 2571 3884 Ευνάῐττεται
2606 3828 2761 3896 (741).

519 3918 764 3968 Derselbe
813 3918 937 3967 wird
971 3918 1088 3967 dem
1123 3918 1308 3967 Darius
1340 3918 1389 3967 in
1427 3920 1526 3968 den
1569 3919 1732 3967 Mund
1765 3919 1951 3984 gelegt‚
1986 3919 2234 3968 nachdem
2269 3936 2322 3968 er
2356 3921 2539 3969 vorher
2571 3927 2761 3985 gesagt‚

515 4010 628 4058 dass
677 4010 872 4073 Jupiter
907 4010 958 4059 in
992 4010 1080 4058 der
1117 4010 1306 4059 Person
1342 4011 1504 4059 seines
1540 4012 1752 4067 SohneS,
1785 4012 1875 4060 des
1914 4012 2118 4075 XerxeS‚
2153 4012 2243 4060 das
2280 4012 2470 4061 Orakel
2506 4012 2554 4060 in
2592 4012 2761 4060 Erful-

515 4101 639 4165 lung
685 4101 928 4165 gebracht
976 4100 1123 4152 habe.
1179 4101 1310 4151 Hier
1359 4102 1553 4151 wirken
1589 4103 1695 4151 also
1733 4102 1955 4151 Freiheit
1990 4103 2092 4151 und
2128 4103 2396 4167 gnttlicher
2434 4104 2762 4152 Rathschluss

515 4208 821 4242 zusammen.

588 4285 634 4346 1)
669 4285 787 4348 Ipso
823 4283 1086 4333 mendacio
1121 4284 1270 4333 deum
1304 4284 1554 4334 interdum
1590 4286 1661 4334 uti
1694 4285 1878 4349 legitur
1912 4287 2091 4350 fragm.
2130 4299 2227 4349 302
2261 4287 2361 4354 (cd.
2398 4288 2624 4351 Nauck):

991 4374 1218 4426 Ψευδῶν
1255 4375 1319 4423 δὲ
1360 4379 1540 4443 καιρὸν
1579 4376 1702 4424 ἔσθ’
1740 4378 1872 4425 ὅπου
1908 4381 2039 4443 τιμᾷ
2082 4379 2227 4434 θεός.

584 4467 672 4545 De·
697 4482 795 4531 qua
830 4482 881 4516 re
915 4467 1032 4515 vide
1063 4484 1110 4531 p.
1154 4467 1263 4527 146.
