3442 4975
1600 416 1720 480 113

608 586 832 650 Priore
899 587 1028 648 iam
1098 586 1311 668 capite
1377 585 1630 648 ostendi
1699 585 1804 649 dei
1875 587 2235 668 potentiam
2298 585 2382 649 ab
2427 587 2769 672 Aeschylo

520 699 831 764 infinitam
877 699 1168 782 cogitari,
1216 685 1552 783 deumque
1595 720 1714 782 per
1759 698 1929 762 hanc
1977 703 2335 782 potentiam
2376 702 2679 766 homines
2704 713 2771 767 et

523 814 703 896 quod
763 814 847 877 ad
895 833 1171 895 corpora
1217 813 1447 877 eorum
1495 821 1559 876 et
1605 813 1788 896 quod
1834 813 1918 876 ad
1966 823 2215 878 mentes
2261 816 2350 878 ita
2398 837 2650 898 regere,
2700 827 2771 882 ut

520 948 982 1010 quaecumque
1047 928 1130 991 ab
1201 927 1579 990 hominibus
1647 937 1986 1010 geruntur,
2056 927 2161 990 dei
2207 928 2547 993 voluntate
2594 929 2767 993 fiant.

523 1040 781 1122 Quodsi
829 1042 1052 1106 omnia
1097 1041 1438 1104 hominum
1486 1042 1656 1105 facta
1689 1051 1755 1104 et
1778 1041 2214 1130 cogitationes
2235 1043 2457 1107 divino
2483 1044 2768 1126 impulsu

519 1153 705 1232 fiunt,
751 1160 948 1219 deum
995 1154 1159 1218 haec
1204 1155 1375 1218 facta
1422 1164 1487 1219 et
1533 1156 1968 1238 cogitationes
2017 1148 2250 1218 omnes
2294 1157 2461 1220 scire
2509 1178 2771 1220 necesse

519 1277 641 1332 est.
687 1266 798 1331 Sic
846 1289 932 1332 ex
977 1267 1224 1332 infinita
1250 1269 1352 1331 dei
1377 1269 1669 1351 potentia
1699 1269 2026 1333 derivatur
2051 1268 2296 1333 infinita
2321 1271 2461 1333 eius
2487 1271 2771 1336 scientia.

521 1381 746 1464 Quam
814 1403 1038 1446 revera
1110 1383 1424 1446 infinitam
1498 1404 1644 1446 esse
1713 1384 1866 1447 inde
1933 1393 2223 1467 apparet,
2273 1384 2453 1468 quod
2501 1386 2662 1448 deus
2709 1394 2773 1447 et

518 1498 862 1579 praeterita
931 1506 997 1560 et
1063 1499 1426 1581 praesentia
1497 1507 1563 1563 et
1630 1498 1847 1566 futura
1892 1519 2013 1562 sua
2059 1500 2281 1563 divina
2326 1509 2543 1563 mente
2588 1522 2767 1563 com.-

521 1611 844 1693 plectitur.
919 1611 1104 1674 Deus
1171 1613 1341 1674 enim
1400 1632 1650 1695 poena-s
1697 1612 1993 1694 priorum
2042 1633 2362 1695 generum
2410 1635 2447 1675 a
2476 1615 2771 1695 posteris

523 1733 816 1807 repetere
860 1724 1122 1810 dicitur,
1169 1746 1226 1790 e.
1276 1747 1376 1808 gr.
1427 1727 1598 1808 Sept.
1645 1741 2037 1807 725—727:

1145 1835 1502 1918 παλαιγενῆ
1547 1839 1668 1922 γὰρ
1713 1835 1877 1918 λέγω

1151 1938 1525 2023 παρβασίαν
1573 1937 1955 2004 ὠκύποινον·

1152 2043 1363 2102 αι’ῶνα
1410 2038 1466 2103 δ’
1518 2042 1579 2114 ἐς
1623 2039 1845 2125 τρίτον
1889 2040 2078 2122 με’νει·

616 2155 703 2219 Et
752 2154 975 2236 Suppl.
1019 2156 1413 2236 417-420:
1851 2157 1855 2160 ’
1916 2225 1919 2230 ,

879 2265 1019 2330 ἰ’σθι
1068 2271 1208 2351 γάρ,
1256 2269 1440 2329 παισὶ
1486 2265 1640 2329 τάδε
1691 2269 1796 2329 καὶ
1844 2266 2073 2346 δόμοις,

881 2367 1136 2451 ὁπότερ’
1183 2370 1268 2430 ἂν
1316 2368 1554 2452 κτίσῃς,
1600 2366 1774 2449 μένει
1824 2367 1956 2452 δορὶ
2005 2369 2207 2433 τίνειν

879 2470 1103 2551 ὁμοίαν
1149 2467 1361 2551 θέμιν.

882 2570 1036 2635 τάδε
1082 2577 1315 2655 φράσαι
1363 2570 1583 2635 δίκαια
1632 2573 1877 2633 Διόθεν
1926 2575 2146 2653 κράτη.

616 2686 690 2748 In
735 2687 1010 2750 eandem
1057 2689 1443 2751 sententiam
1493 2686 1795 2749 Minerva
1842 2687 2133 2769 loquitur
2162 2686 2768 2769 Eum.911—916:

620 2814 843 2873 πάντα
887 2813 1007 2893 γὰρ
1057 2800 1250 2873 αὗται
1302 2813 1400 2897 (αἱ
1444 2809 1738 2893 Ἐρινύες
1785 2812 1950 2895 scil.)
2000 2814 2083 2873 τὰ
2131 2814 2274 2872 κατ’
2317 2811 2711 2892 ἀνθρώπους

621 2910 850 2995 ἔλαχον
898 2910 1164 2979 διέπειν.

621 3015 660 3075 ό
701 3012 768 3076 δὲ
814 3018 897 3095 μὴ
948 3020 1179 3097 κύρσας
1223 3013 1469 3097 βαρέων
1517 3018 1768 3079 τούτων

623 3112 734 3176 οὐκ
782 3109 947 3178 οἶδεν
995 3116 1151 3179 ὅθεν
1200 3114 1442 3199 πληγαὶ
1488 3117 1727 3200 βιότου.

626 3216 709 3277 τὰ
757 3217 880 3297 γὰρ
927 3217 994 3277 ἐκ
1039 3215 1360 3301 προτέρων
1408 3214 1850 3295 ἀπλακήματά
1897 3236 1997 3277 νιν

625 3318 780 3400 πρὸς
824 3314 1008 3381 τάσδ’
1053 3316 1316 3397 ἀπάγει·

627 3430 829 3513 Quod
899 3432 1062 3496 deus
1128 3433 1339 3496 facere
1384 3452 1516 3494 non
1561 3440 1795 3514 potest,
1846 3430 1967 3493 nisi
2014 3430 2310 3513 priorum
2356 3431 2775 3499 saeculorum

533 3545 885 3627 perfectam
945 3543 1144 3609 habet
1201 3546 1520 3610 notitiam.
1571 3545 1793 3609 Deum
1840 3546 2059 3608 futura
2104 3544 2272 3607 scire
2317 3563 2403 3607 ex
2449 3564 2531 3607 eo
2577 3552 2775 3627 patet,

537 3658 719 3742 quod
780 3659 920 3721 eius
964 3662 1152 3740 μοῖρα
1199 3659 1421 3721 multis
1466 3659 1598 3721 iam
1643 3667 1795 3722 ante
1840 3659 2116 3721 saeculis
2163 3648 2517 3721 constituta
2565 3658 2777 3735 suerit,

537 3792 736 3856 quam
782 3772 871 3849 id,
919 3772 1100 3855 quod
1149 3773 1581 3837 constitutum
1631 3780 1821 3849 esset,
1869 3772 2192 3835 accideret
2238 3772 2593 3853 (memento
2620 3771 2780 3833 illud

535 3889 776 3948 θεόθεν
823 3886 944 3968 γὰρ
992 3886 1161 3947 κατὰ
1207 3885 1370 3967 μοῖρ’
1415 3887 1759 3966 ἐκράτησεν
1807 3885 1881 3945 τό
1930 3882 2215 3946 παλαιόν
2261 3885 2431 3947 Pers,
2463 3884 2780 3966 93—95)‚

535 4001 852 4083 quodque
919 4020 1016 4077 ea,
1087 4020 1256 4082 quae
1302 4001 1466 4062 deus
1514 3998 1973 4075 constituisset,
2022 3997 2241 4080 aliquo
2287 4005 2582 4079 tempore
2629 4007 2781 4061 ante

535 4114 934 4195 praedixerit
975 4134 1094 4196 per
1141 4113 1423 4177 oracula.
1475 4113 1734 4177 Dareus
1765 4112 1939 4174 enim
1965 4110 2123 4173 dicit
2147 4110 2341 4195 (Pers,
2368 4112 2779 4195 730—732):

625 4236 764 4305 φεῦ,
813 4228 1038 4307 ταχεῖά
1081 4224 1141 4304 γ’
1189 4221 1351 4305 ἦλθε
1401 4230 1686 4307 χρησμῶν
1737 4222 1986 4306 πρᾶξις,
2037 4224 2096 4294 ἐς
2143 4220 2210 4285 δὲ
2259 4219 2438 4284 Ι’ταί“’δ’
2488 4224 2631 4302 ἐμόν

628 4341 788 4412 Ζεύς
833 4338 1209 4423 ἀπέσκηψεν
1258 4336 1561 4419 τελευτὴν
1609 4344 1979 4420 θεσφάτων·
2026 4337 2143 4417 ἐγὼ
2191 4334 2259 4400 δέ
2307 4358 2433 4399 που

628 4449 734 4512 διὰ
782 4457 1018 4535 μακροῦ
1067 4456 1285 4536 χρόνου
1335 4452 1476 4514 τάδ’
1529 4457 1761 4535 ηὔχουν
1812 4448 2279 4531 ἐκτελευτήσειν
2326 4454 2535 4521 θεούς.

2476 4565 2513 4625 8
