3442 4975
1373 1410 1773 1486 LIBER
1856 1414 1907 1490 1.

568 1656 697 1735 De
765 1656 1146 1736 numinis
1215 1657 1481 1735 divini
1549 1664 1874 1740 natura
1943 1660 2034 1738 in
2101 1685 2205 1741 se
2272 1668 2709 1762 spectata.

1374 2070 1775 2137 CAPUT
1850 2073 1899 2135 Ι.

665 2275 931 2339 UTRUM
976 2277 1415 2339 AESCHYLUS
1462 2290 1673 2339 UNUM
1718 2288 1927 2339 DEUM
1973 2288 2075 2337 AN
2120 2289 2392 2339 PLURES
2438 2292 2624 2341 DEOS

1101 2402 1442 2453 COLUISSE
1489 2400 1791 2451 RECTIUS
1836 2400 2177 2451 DICATUR.

1484 2605 1775 2613 -———-———-—

599 2797 676 2859 In
744 2797 1066 2882 Aeschyli
1143 2799 1378 2862 fabulis
1427 2798 1670 2861 multos
1717 2798 1881 2860 deos
1928 2799 2213 2883 deasque
2260 2821 2597 2866 occurrere
2641 2804 2751 2865 vix

511 2933 677 2994 opus
752 2914 872 2976 erit
917 2911 1454 2978 animadvertere.
1547 2913 1972 2976 Inveniuntur
2017 2917 2190 2977 enim
2238 2915 2329 2978 dii
2374 2916 2530 2980 varii
2576 2917 2754 2985 ordi-

510 3025 632 3100 niS,
708 3035 778 3089 υτ
851 3029 1066 3110 superi
1139 3025 1543 3110 (Olympici),
1616 3025 1843 3108 quales
1910 3031 2090 3106 Ζεύς,
2144 3026 2353 3109 εἩρα,
2398 3026 2754 3106 Ἀπόλλων,

513 3138 786 3220 Ἀθηνᾶ,
819 3139 1448 3222 ’Ἀρη;,“Ἡφαιστο;,
1480 3139 1849 3222 Ἀφροδίτη,
1872 3140 2131 3221 ςΕρμῆς,
2155 3139 2487 3203 Ποσειδῶν
2505 3167 2528 3218 ,·
2574 3143 2753 3205 inferi

508 3256 825 3339 (χθόνιοι,
918 3253 1219 3337 νέρτεροι)
1313 3265 1380 3318 υτ
1473 3252 1821 3333 Πλούτων,
1915 3252 2371 3335 Περσέφασσα,
2440 3259 2750 3336 Ἐρινύες,

510 3369 815 3432 maritimi
866 3378 936 3432 ut
981 3366 1328 3445 Ὠκέανος,·
1378 3369 1466 3431 dii
1515 3370 1755 3447 rustici,
1804 3370 1891 3431 dii
1939 3370 2189 3432 viarum
2237 3377 2301 3432 et
2350 3370 2631 3447 urbium,
2681 3379 2752 3433 ut

516 3483 792 3562 Βρόμιος
881 3481 1224 3566 (Βάκχος),
1308 3481 1629 3561 ’Ἀρτεμις,
1721 3483 1861 3542 θεοὶ
1954 3481 2257 3564 ἐγχώριοι,
2348 3480 2751 3564 πολισσοῦχοι

505 3592 863 3679 (πολίοχοι),
931 3598 969 3659 ii
1040 3618 1260 3681 porr0,
1333 3598 1442 3679 qui
1492 3596 1653 3659 nihil
1701 3597 1821 3660 nisi
1871 3597 2003 3660 vim
2051 3596 2337 3680 aliquam
2384 3607 2497 3661 aut
2545 3598 2750 3680 quali-

504 3718 705 3773 tatem
775 3711 1058 3774 divinam
1128 3709 1494 3793 significant
1568 3719 1636 3774 ut
1708 3709 1896 3792 Δίκη,
1956 3715 2224 3789 ’Πειθάι,
2294 3713 2520 3796 Φόβος,
2560 3709 2729 3792 ”Amy

505 3823 830 3906 Αἰσχιίνη,
879 3826 1130 3901 Πόθος,
1173 3822 1498 3915 Ἁρμονία,
1545 3819 1901 3905 Ἀλάστωρ,
1950 3828 2230 3906 Κράτος,
2257 3825 2415 3903 Βία,
2440 3826 2580 3902 alii3
2632 3825 2749 3888 ho-

505 3941 708 4001 mines
780 3939 1087 4021 denique,
1133 3940 1245 4021 qui
1295 3960 1446 4002 cum
1494 3939 1620 4002 diis
1665 3949 2150 4022 comparantur,
2199 3939 2404 4002 immo
2452 3939 2597 4022 ipso
2646 3940 2748 4002 dei

504 4055 766 4116 nomine
811 4054 1222 4136 appellantur
1270 4064 1340 4118 ut
1389 4056 1675 4133 Δαρεῖος,
1727 4051 1981 4136 Ξέρξης,
2022 4053 2323 4115 ’Ἀτοσσα.

593 4165 764 4230 Cum
809 4177 1028 4231 tamen
1076 4188 1206 4231 non
1253 4189 1482 4232 omnes
1528 4169 1638 4246 dii,
1686 4169 1799 4250 qui
1846 4169 2023 4251 apud
2062 4167 2476 4250 Aeschylum
2521 4187 2746 4230 occur·

501 4291 670 4359 runt,
742 4303 915 4346 nunc
983 4284 1112 4345 sint
1194 4283 1644 4360 enumerandi,
1693 4283 1808 4344 sed
1857 4282 2387 4364 investigandum
2435 4283 2537 4359 sit,
2585 4282 2746 4364 quid

501 4397 640 4478 ipse
707 4403 903 4478 poeta
962 4396 1046 4458 de
1104 4397 1178 4458 iis
1224 4396 1590 4474 crediderit,
1639 4398 1927 4478 primum
1975 4395 2568 4458 demonstrabimus
2613 4395 2745 4458 Ae-

500 4508 806 4594 schylum
874 4511 1074 4574 verbo
1145 4512 1409 4593 quidem
1470 4519 1681 4588 tenua,
1727 4510 2142 4592 pluresesse
2189 4510 2347 4572 deos
2392 4511 2742 4592 putavisse,
