3442 4975
1687 408 1779 470 40

1011 579 1258 639 τοιαῦτ’
1309 577 1578 659 ἐπεύχου
1623 580 1706 657 μὴ
1756 573 2143 655 φιλοστόνως
2192 582 2385 655 θεοῖς,

1008 689 1154 774 μηδ’
1201 692 1268 752 ἐν
1315 690 1611 770 ματαίοις
1657 690 1939 773 κάγρίοις
1986 695 2444 773 ποιφύγμασιν·

1009 803 1079 866 οὐ
1127 810 1248 886 γάρ
1296 827 1359 865 τι
1405 802 1652 885 μᾶλλον
1699 808 1783 887 μὴ
1830 807 2033 891 φύγῃς
2080 806 2154 867 τὸ
2197 808 2524 889 μόρσιμον.

700 920 992 991 Thebani
1065 920 1262 1001 igitur
1330 939 1461 983 non
1531 918 1864 1002 effugient,
1937 921 2117 1004 quod
2186 922 2261 983 iis
2326 921 2521 986 fatale
2584 929 2701 999 est,
2749 922 2866 985 sed

616 1045 687 1100 ut
755 1036 818 1098 id
889 1033 1204 1117 effugiant
1269 1032 1373 1101 vel
1439 1034 1658 1117 potius
1730 1035 1794 1097 in
1862 1034 2206 1109 meliorem
2274 1044 2527 1119 partem
2592 1044 2867 1114 vertant,

613 1148 918 1213 omnibus
985 1148 1118 1210 fere
1186 1149 1306 1210 diis
1383 1147 1462 1231 1),
1533 1156 1814 1230 excepto
1890 1149 2089 1227 Fato,
2161 1150 2565 1231 precandum
2636 1159 2737 1214 est
2803 1158 2870 1213 et

614 1261 1128 1327 sacrificandum.
1224 1261 1405 1342 Quid
1491 1262 1640 1325 inde
1706 1262 2036 1327 efficitur?
2129 1264 2310 1327 Num
2383 1271 2564 1345 petet
2634 1264 2868 1346 aliquis

618 1377 939 1441 auxilium
986 1376 1069 1439 ab
1116 1377 1213 1454 iis,
1260 1396 1460 1458 penes
1509 1398 1678 1460 quos
1723 1385 2117 1459 potestatem
2166 1377 2390 1441 auxilii
2438 1378 2689 1441 ferendi
2736 1397 2869 1440 non

617 1514 760 1556 esse
807 1492 1186 1555 existimat?
1233 1490 1310 1553 Id
1358 1492 1574 1575 igitur,
1626 1493 1807 1574 quod
1854 1491 1940 1557 dii
1990 1492 2072 1555 de
2110 1490 2441 1555 Thebanis
2466 1492 2870 1555 constituent

621 1615 738 1670 aut
779 1607 999 1689 potius
1059 1625 1228 1667 con
1255 1606 1432 1669 stit
1459 1626 1681 1670 ueru
1708 1627 1750 1668 n
1779 1615 1806 1671 t
1854 1605 1939 1688 2),
1988 1614 2091 1670 est
2137 1606 2235 1666 τὸ·
2254 1609 2573 1687 μόρσιμον.
2645 1607 2872 1688 Itaque

619 1742 736 1804 per
804 1727 1012 1784 totam
1079 1720 1487 1801 tragoediam
1556 1720 1852 1783 Thebani
1921 1720 2133 1785 facere
2194 1741 2325 1785 non
2370 1728 2665 1803 possunt,
2716 1721 2873 1803 quin

621 1855 884 1898 omnem
961 1832 1242 1897 salutem
1326 1854 1366 1896 a
1451 1835 1568 1896 diis
1635 1835 2184 1917 potissimumque
2253 1834 2336 1897 ab
2423 1834 2583 1898 Iove
2649 1842 2878 1916 petant

625 1948 734 2035 (ab
788 1949 948 2011 Iove
991 1969 1094 2014 vv.
1140 1947 1248 2029 69,
1307 1964 1450 2027 111,
1501 1964 1652 2029 237,
1698 1948 1852 2027 468,
1900 1947 2079 2031 613).
2220 2034 2229 2045 .

712 2052 844 2127 Sed
910 2062 1249 2130 videamus
1318 2061 1404 2125 de
1467 2063 1633 2125 Fato
1681 2062 1840 2145 quid
1888 2082 2009 2124 nos
2054 2062 2337 2125 doceant
2382 2059 2723 2142 Supplices,
2771 2061 2877 2124 illa

624 2176 988 2259 tragoedia,
1037 2177 1103 2240 in
1149 2198 1282 2259 qua
1325 2174 1484 2248 Ζεύς
1530 2176 2059 2259 exquisitissimis
2105 2176 2323 2239 verbis
2371 2177 2628 2254 colitur,
2678 2176 2878 2259 idque

624 2313 663 2354 a
708 2290 986 2373 posteris
1032 2290 1323 2352 eiusdem
1383 2288 1690 2367 mulieris,
1764 2289 1839 2351 Io
1887 2288 2057 2367 dico,
2105 2287 2421 2352 adversus
2468 2309 2668 2371 quam
2717 2288 2877 2361 Ζεύς

633 2426 702 2467 se
750 2424 948 2487 quam
997 2404 1369 2486 turpissime
1415 2404 1693 2486 gessisse
1740 2423 1779 2465 a
1824 2400 2218 2465 Prometheo
2266 2402 2523 2466 dicitur.
2578 2423 2583 2427 ·

715 2518 1134 2584 Vocabulum
1180 2523 1366 2599 μοῖρα
1415 2516 1615 2582 semel
1662 2526 1919 2582 tantum
1966 2519 2271 2596 occurrit,
2318 2539 2380 2581 v.
2437 2519 2642 2581 1008:
2681 2565 2687 2570 -

1074 2629 1325 2692 δέδοται
1373 2628 1432 2692 δ’
1473 2630 1779 2716 Ἁρμονίᾳ
1824 2636 1988 2713 μοῖρ’
2032 2630 2434 2714 Ἀφροδίτας,
2958 2717 2963 2724 .

630 2747 739 2810 ubi
786 2756 1005 2810 tamen
1050 2748 1218 2825 μοῖρ’·
1236 2742 1612 2826 Ἀφροδίτας,
1663 2746 1985 2828 significat
2027 2755 2280 2828 partem
2332 2746 2458 2830 (vel
2495 2747 2877 2829 participem

629 2855 796 2944 esse)
856 2861 1130 2924 Veneris
1200 2858 1348 2943 (hoc
1419 2879 1660 2922 nomen
1727 2861 2168 2942 metonymice
2228 2859 2334 2923 hic
2379 2880 2501 2942 pro
2549 2881 2650 2937 e0,
2700 2862 2881 2943 quod

631 2983 730 3038 est
775 2995 958 3037 amor
1001 2972 1399 3056 usurpatur),
1448 2974 1627 3055 quod
1677 2974 1878 3056 igitur
1924 2993 2057 3036 non
2103 2974 2187 3037 ad
2235 2993 2375 3037 rem
2422 2973 2671 3039 attinet.
2736 3029 2743 3034 .

720 3088 852 3152 Sed
905 3088 1302 3152 adiectivum
1346 3090 1642 3168 μόρσιμος
1686 3096 1785 3150 ter
1830 3089 2177 3165 invenitur,
2226 3107 2335 3154 vv.
2382 3101 2467 3169 45
2520 3088 2680 3164 scil„
2728 3103 2882 3171 752,

641 3220 828 3282 1024.
922 3203 1068 3264 Dea
1138 3202 1364 3282 Μοῖρα
1409 3201 1609 3282 igitur
1653 3202 1718 3264 in
1766 3199 2158 3282 Supplicibus
2202 3221 2526 3284 nusquam
2576 3204 2879 3265 occurrit.

638 3320 790 3381 Hoc
855 3325 1111 3381 tantum
1182 3316 1441 3398 rogabit
1508 3316 1781 3380 fortasse
1848 3317 2106 3398 aliquis,
2153 3318 2414 3378 cuinam
2462 3316 2590 3380 deo
2638 3316 2885 3380 deaeve

634 3431 762 3494 hoc
806 3433 1106 3511 μόρσιμον
1168 3432 1508 3495 tribuatur.
1602 3431 1678 3494 Id
1752 3452 1964 3515 neque
2032 3450 2119 3496 ex
2187 3454 2250 3501 v.
2319 3444 2402 3512 45
2472 3441 2761 3514 apparet,
2814 3442 2886 3497 ut

636 3547 912 3628 quisque
957 3546 1133 3609 videt
1180 3553 1268 3630 (v.
1315 3544 1644 3629 44—46):

1533 3657 1870 3739 ἐπωνυμίᾳ
1916 3654 1974 3718 δ’
2023 3657 2175 3719 ἐπε--

1325 3769 1621 3851 κραίνει-ο
1665 3773 1963 3852 μόρσιμος
2011 3770 2172 3833 αἰὼν
2234 3809 2237 3812 ·

1326 3881 1617 3964 εὐλόγως,

710 4111 758 4178 1)
812 4109 997 4160 'Miseri
1047 4109 1124 4160 illi
1172 4110 1404 4164 homines
1452 4127 1570 4176 prae
1621 4112 1939 4164 multitudine
1989 4111 2199 4163 deorum
2232 4113 2538 4178 dearumque
2572 4113 2893 4178 dubitabant,

639 4204 754 4270 quis
785 4218 959 4254 eorum
993 4202 1338 4268 implorandus
1370 4210 1498 4254 esset
1528 4207 1595 4266 (v.
1614 4216 1841 4268 91—92:
1886 4207 1962 4263 τίς
1998 4204 2101 4272 ἄρα
2139 4204 2376 4270 ῥύσεται,
2397 4208 2479 4263 τίς
2499 4205 2582 4274 ἄρ’
2604 4207 2889 4273 ἐπαρκέσει

643 4298 788 4346 θεῶν
824 4297 856 4362 ἢ
896 4292 1105 4360 osam),
1140 4296 1468 4362 quamobrem
1502 4303 1753 4361 praestare
1789 4295 2049 4345 videbatur
2082 4312 2255 4345 omnes
2283 4297 2420 4362 deoS‚
2438 4297 2520 4346 vel
2538 4296 2703 4364 potius
2720 4313 2891 4347 eorum

639 4388 919 4447 simulacra,
953 4387 1099 4435 simul
1136 4387 1419 4452 implorare.

711 4479 759 4547 2)
829 4478 933 4529 Csr.
971 4478 1181 4543 Choe‘iplt.
1217 4489 1344 4544 451:
1381 4481 1441 4526 τὸ
1475 4479 1732 4546 μόρσιμον
1766 4480 1916 4539 μένει
1951 4478 2145 4527 πάλαι.
