3442 4975
1752 451 1828 529 14

653 654 816 719 pora
875 634 1183 699 dixerunt
1241 636 1342 699 vel
1417 637 1836 719 scripserunt,
1909 638 2074 701 inter
2121 661 2291 721 quae
2335 640 2576 721 placita
2623 639 2907 721 philoso-

651 747 954 832 phorum·
1024 748 1345 831 Aeschyli
1437 750 1813 833 aequalium
1904 752 2191 834 primum
2279 753 2576 815 obtinent
2663 753 2905 816 locum.

653 862 808 926 Fuit
873 872 1092 926 tamen
1160 869 1357 945 poeta
1425 863 1813 947 religiosior,
1883 884 2083 947 quam
2158 874 2228 927 ut
2277 866 2538 928 illorum
2586 867 2899 945 virorum,

652 977 764 1059 qui
835 996 1146 1059 magnam
1215 988 1468 1061 partem
1537 978 1815 1041 deorum
1885 987 2370 1060 contemptores
2430 988 2612 1041 erant
2674 980 2755 1061 (e.
2804 1000 2905 1061 gr.

650 1088 1024 1175 Sophistae)
1085 1092 1162 1176 1),
1211 1078 1648 1158 libere'dictis
1694 1092 2133 1156 assentiretur.
2218 1094 2530 1169 Fuerunt,
2582 1094 2691 1175 qui
2738 1092 2907 1156 affir-

651 1214 924 1283 marent,
974 1214 1046 1269 ut
1094 1206 1468 1285 Pindarum,
1516 1206 1612 1269 sic
1657 1205 2072 1289 Aeschylum
2120 1227 2388 1290 quoque
2416 1206 2906 1287 Pythagoreum

647 1319 870 1395 fuisse,
939 1320 1121 1402 quod
1193 1320 1431 1403 legitur
1497 1321 1674 1403 apud
1746 1319 2131 1384 Ciceronem
2203 1320 2400 1383 Tusa
2452 1321 2619 1403 disp.
2668 1317 2751 1395 II,
2788 1336 2897 1383 10:

651 1432 938 1511 „Veniat
1004 1434 1410 1517 Aeschylus,
1459 1455 1589 1498 non
1635 1441 1831 1517 poem
1878 1435 2120 1512 solum,
2166 1436 2281 1497 secl
2329 1435 2527 1497 etiam
2580 1433 2907 1515 Pythago-

651 1567 822 1625 reuS,
894 1549 987 1610 sic
1047 1549 1221 1612 enim
1284 1546 1717 1632 accepimuS.”
1814 1548 2044 1611 Cicero
2108 1546 2309 1631 igitur
2354 1557 2608 1611 tantum
2655 1548 2908 1629 accepit

643 1660 1059 1744 Aeschylum
1145 1662 1636 1745 Pythagoreum
1707 1663 1925 1740 fuisse,
2008 1662 2188 1725 aliud
2234 1682 2368 1744 quo
2420 1662 2662 1725 nitatur
2707 1681 2904 1743 argu-

653 1785 952 1840 mentum
998 1797 1129 1840 non
1177 1776 1391 1840 habet.
1439 1776 1593 1858 Quo
1641 1797 2043 1860 quamquam
2093 1797 2230 1840 rem
2280 1776 2405 1851 „ad
2453 1775 2609 1839 nihil
2635 1775 2900 1839 reduci”

657 1910 810 1953 cum
859 1890 938 1954 R.
990 1890 1216 1974 Haym
1265 1893 1352 1975 (p.
1393 1890 1492 1969 16)
1518 1892 1914 1956 contendere
1938 1890 2188 1967 dubito,
2217 1900 2437 1955 tamen
2462 1909 2549 1953 ex
2574 1888 2935 1971 Aeschyli-

643 2002 1000 2085 tragoediis
1070 2003 1331 2067 difficile
1401 2005 1521 2068 erit
1591 2004 1848 2067 efficere
1918 2024 2071 2067 eum
2144 2005 2628 2089 Pythagoreum
2676 2002 2903 2066 fuisse.

652 2116 875 2179 Plura·
920 2117 1002 2179 de
1071 2116 1195 2181 hac
1265 2138 1333 2181 re
1404 2119 1552 2181 vide
1599 2118 1778 2201 apud
1829 2118 2078 2200 Haym,
2126 2138 2191 2199 p.
2249 2118 2345 2181 16.
2399 2117 2585 2181 Haec
2632 2117 2715 2179 de
2762 2116 2901 2178 fon-

645 2230 820 2293 tibus
868 2230 1187 2313 Aeschyli
1236 2230 1577 2298 sufficiant.

735 2343 1054 2427 Proposui
1123 2354 1344 2408 autern
1418 2344 1573 2408 mihi
1649 2366 1808 2408 uno
1871 2344 2094 2422 libro
2160 2345 2242 2407 de
2289 2344 2505 2408 divina
2552 2353 2782 2408 natura
2829 2345 2895 2406 in

645 2478 716 2521 se
777 2466 1066 2540 spectata
1111 2458 1346 2537 dicere,
1395 2460 1482 2522 ita
1531 2468 1602 2523 ut
1646 2458 1918 2542 primo
1966 2460 2242 2541 capite
2288 2479 2623 2542 quaeram,
2675 2468 2896 2522 utrum

645 2570 1024 2654 Aeschylus
1117 2592 1319 2636 unum
1411 2593 1493 2636 an
1586 2573 1811 2655 plures
1903 2573 2064 2636 deos
2156 2593 2302 2636 esse
2395 2575 2895 2650 existimaverit3

643 2706 865 2749 secu
895 2685 1093 2764 nd0,
1164 2686 1323 2769 quid
1386 2685 1729 2768 Aeschylo
1776 2687 1858 2749 sit
1905 2707 2243 2768 summum
2294 2707 2555 2763 numen,
2607 2684 2768 2756 Ζεύς
2813 2705 2897 2748 an

643 2801 868 2880 Μοῖρα
948 2798 1272 2883 (Fatum);
1343 2801 1447 2862 cui
1519 2801 1713 2883 capiti
1783 2801 2159 2863 tertium
2231 2800 2473 2862 addam
2544 2800 2627 2862 de
2699 2798 2898 2874 Diris,

641 2913 913 2994 Μοιρῶν
981 2914 1332 2990 sororibuS,
1404 2935 1572 2997 quae
1644 2915 1831 2997 ipsae
1900 2933 2167 2996 quoque
2229 2915 2382 2977 Iove
2430 2915 2711 2976 maiores
2758 2934 2901 2976 esse

639 3030 1000 3106 dicuntur;·
1051 3037 1395 3112 quarto
1458 3028 1742 3110 denique
1789 3029 1997 3110 capite
2047 3028 2129 3090 de
2176 3027 2466 3091 numinis
2514 3028 2707 3091 divini
2757 3030 2896 3089 exi·

638 3144 845 3207 stendi
915 3144 1163 3207 ratione
1234 3144 1508 3221 dicetur,
1557 3143 1593 3207 i.
1642 3163 1698 3204 e.
1751 3152 2121 3224 quaeretur,
2169 3145 2333 3205 sitne
2380 3143 2544 3205 deus
2590 3161 2896 3224 persona,

642 3268 860 3348 utrum
929 3258 1013 3321 sit
1079 3258 1312 3340 aliquis
1381 3277 1463 3320 an
1524 3256 1747 3339 potius
1794 3256 2068 3339 aliquid,
2117 3256 2333 3337 deque
2381 3258 2519 3319 eius
2566 3258 2895 3319 immorta-

639 3372 817 3435 litate
863 3380 926 3433 et
970 3373 1349 3435 aeternitate
1395 3379 1646 3452 agetur.
1699 3368 1960 3432 Deinde
2005 3371 2204 3433 alte
2231 3391 2324 3432 ro
2373 3369 2508 3432 lib
2537 3389 2634 3432 ro
2681 3370 2895 3431 dicam

638 3485 721 3547 de
790 3484 1011 3547 divina
1081 3484 1309 3547 mundi
1382 3471 1771 3566 generisque
1842 3482 2110 3546 humani
2161 3483 2635 3565 gubernatione
2681 3482 2897 3563 deque

639 3598 744 3660 dei
813 3597 1183 3674 virtutibuS,
1255 3617 1422 3678 quae
1492 3597 1556 3658 in
1605 3595 1728 3658 hac
1776 3596 2251 3680 gubernatione
2297 3596 2571 3660 elucent.
2662 3593 2896 3675 Itaque

647 3712 953 3794 primo
1023 3712 1346 3793 capite
1390 3731 1585 3792 agam
1621 3711 1702 3771 de
1739 3710 2295 3792 divinapotentia,
2345 3711 2764 3772 secundo
2813 3710 2897 3771 de

637 3824 741 3886 dei
789 3825 1056 3887 scientia
1101 3833 1166 3888 et
1213 3824 1542 3907 sapientia,
1590 3833 1617 3887 t
1644 3845 1679 3886 e
1707 3825 1902 3886 rtio
1951 3826 2033 3887 de
2080 3825 2219 3887 eius
2267 3825 2607 3887 sanctitate
2655 3825 2895 3886 iustitia

636 3938 926 4016 veritate,
974 3958 1017 4019 q
1046 3948 1320 4001 uarto
1367 3937 1449 4000 de
1496 3938 1635 4000 eius
1683 3939 1995 4001 bonitate.

707 4141 752 4200 ι)
789 4138 869 4186 W.
907 4136 1073 4186 Christ
1108 4137 1311 4203 (Gesch.
1349 4136 1438 4186 der
1471 4153 1544 4201 gr.
1585 4137 1720 4198 Litt„
1757 4153 1805 4202 p.
1848 4139 1959 4199 179)
1995 4136 2214 4186 scribere
2249 4151 2395 4186 ausus
2432 4144 2533 4186 est:

697 4231 839 4289 „Der
888 4237 1086 4294 strenge
1139 4229 1424 4279 Aristokrat
1477 4229 1581 4278 und
1638 4230 1915 4294 Anhanger
1950 4228 2039 4277 der
2075 4228 2209 4276 alten
2246 4227 2494 4292 Ordnung
2531 4244 2635 4277 war
2669 4227 2894 4278 ohnehin

633 4321 909 4371 verstimmt
959 4322 1119 4371 durch
1170 4322 1261 4370 das
1317 4320 1722 4385 Umsichgreifen
1757 4320 1845 4370 der
1881 4320 2211 4368 Demokratie
2248 4320 2351 4368 und
2388 4321 2479 4368 der
2507 4320 2893 4384 Sophistischen

632 4415 977 4478 Aufklarung,
1013 4414 1098 4462 die
1133 4413 1240 4463 ihm
1274 4413 1358 4461 die
1391 4411 1653 4476 grollende
1699 4412 1865 4476 Klage
1902 4412 2023 4459 uber
2058 4399 2155 4459 die
2183 4426 2345 4459 neuen
2380 4410 2556 4459 Gotter
2575 4412 2675 4459 und
2695 4411 2893 4474 Tyran-

632 4522 732 4554 nen
767 4507 850 4554 im·
873 4505 1197 4554 Prometheus
1233 4504 1334 4551 und
1370 4504 1418 4551 in
1455 4503 1552 4551 den
1592 4503 1913 4550 Eumeniden
1950 4501 2262 4550 entlockte''.
