3442 4975
1629 410 1722 477 59

545 589 878 652 Iovem·
911 584 1579 650 antecesserunt
1624 589 1884 665 atque
1928 580 2428 658 effecerunt,
2479 590 2565 647 ut
2610 580 2791 664 Iup-

543 704 775 786 piter·
854 708 1360 767 nasceretur
1401 754 1406 759 ,
1442 706 1520 761 et
1587 697 1808 767 talis
1880 697 2227 780 quidem
2264 703 2791 779 tantusque,

545 803 847 901 qualis*
882 823 964 878 et
1006 821 1375 898 quantus
1422 814 1606 875 esse
1617 811 2054 880 videatffur
2079 809 2301 890 haud
2328 810 2793 877 „absurdum

546 930 894 994 fueri-t.
925 927 1229 999 Iov'is·
1258 931 1594 1007 μοῖραν
1663 924 2179 1008 appellari.
2229 962 2324 975 -
2388 996 2395 1001 .
2464 960 2481 1003 ⁴.

540 1074 548 1081 ·
635 1040 774 1105 Sic
810 1040 1232 1123 intellegitur,
1299 1060 1417 1104 cut
1477 1058 1610 1104 non
1672 1039 1887 1164 magis
1930 1060 2160 1123 quam
2176 1040 2257 1102 iis
2304 990 2487 1117 lociS,¹
2538 1039 2645 1103 ubi
2688 1046 2796 1103 'res

547 1166 645 1220 est
729 1170 882 1220 cum
951 1155 1378 1235 hominibuS,
1435 1176 1649 1238 neque
1696 1156 1927 1237 μοῖραι
1998 1154 2163 1217 deae
2229 1153 2660 1237 appellantur,
2720 1154 2795 1217 in

536 1271 738 1334 Eum.
807 1278 874 1334 et
933 1270 1171 1345 From„
1235 1269 1344 1333 ubi
1393 1270 1656 1349 Μοῖραιἰ
1692 1269 1855 1331 deae
1894 1276 2056 1331 sunt
2086 1269 2165 1332 Je‘t
2208 1268 2293 1333 ab
2340 1268 2486 1350 ipso
2534 1269 2795 1333 Prome-

545 1384 706 1463 theo
777 1393 906 1449 tres
973 1406 1250 1449 numero
1319 1383 1460 1465 esse
1525 1385 1853 1461 dicuntur,'
1923 1383 2193 1466 pluralis
2242 1402 2584 1460 *numerus
2619 1384 2795 1466 quic·

547 1498 751 1584 quam
803 1500 1117 1579 momenti
1165 1498 1432 1569 habeat..
1471 1498 1753 1580 Erinyes
1795 1498 1969 1560 enim
2018 1499 2219 1581 ipsae,
2251 1518 2421 1581 quae
2445 1520 2550 1562 vv.
2572 1513 2798 1578 940—-

545 1614 720 1695 946-
757 1616 844 1698 (v.
913 1635 974 1696 p.
1052 1614 1156 1698 50)
1211 1613 1384 1676 illud
1441 1610 1708 1683 carmen
1742 1612 1969 1681 ,laudis
2015 1612 2287 1695 plenum
2330 1612 2426 1675 de·
2462 1610 2797 1679 sororibus

559 1736 822 1804 canunt,
893 1730 954 1795 vi
1025 1744 1156 1809 329
1220 1747 1413 1790 suum
1473 1730 1714 1789 munus
1760 1747 1892 1789 non
1939 1726 2025 1789 ab
2071 1724 2367 1807 Μοίραις,
2404 1726 2521 1803 sed
2571 1723 2798 1805 Μοίρᾳ

558 1842 888 1923 accepisse
925 1839 1234 1919 .dicunt;'
1270 1847 1469 1923 atque
1535 1837 1953 1921 Aeschylum
2012 1837 2140 1919 hoc
2200 1838 2505 1904 consulto
2542 1838 2797 1920 fecisse,

558 1956 754 2018 etiam
799 1954 888 2032 id,
935 1955 1116 2037 quod
1162 1950 1917 2037 sequitur‚-‘'argumento
1962 1962 2081 2017 est.
2135 1954 2593 2036 Unaquaeque
2612 1952 2797 2029 ,enirn

551 2069 685 2131 τῶν
711 2068 1008 2149 ·Μοιρῶν
1056 2069 1122 2131 in
1170 2066 1416 2152 myth-is
1464 2065 1732 2130 Graecis
1778 2072 1976 2129 suum
2020 2065 2319 2135 habebat‘
2344 2086 2603 2144 nomen,
2630 2086 2800 2149 quae

553 2184 830 2246 nomina
875 2186 1096 2246 tamen
1141 2181 1319 2263 apud
1366 2179 1783 2263 Aeschylum
1832 2200 2159 2265 nusquam
2205 2181 2637 2257 inveniuntur,
2677 2179 2798 2243 nisi

554 2298 733 2379 quod
771 2296 874 2360 ad·
895 2298 983 2359 'ea
1026 2294 1326 2359 allusisse
1362 2294 1618 2358 videtur
1641 2300 1837 2376 poeta
1861 2293 1989 2357 hoc
2014 2295 2251 2377 eod-e'm
2276 2295 2445 2372 loco,
2474 2295 2659 2360 cuius
2690 2315 2801 2357 su·

557 2432 674 2494 pra
713 2412 956 2474 mentio
1001 2408 1215 2473 fiebat.
1269 2411 1554 2490 -,Μοῖραι
1604 2411 1777 2473 enim
1812 2409 2030 2492 vulgo
2078 2409 2480 2473 vocabantur
2505 2404 2795 2486 Κλωθώ,

563 2530 864 2609 Λάχεσις,
884 2524 1232 2606 Ἄτροπος,
1253 2524 1402 2589 loco
1425 2533 1648 2588 autem
1670 2524 1941 2588 laudato
1966 2526 2097 2609 (vv.
2127 2527 2383 2605 328—-3
2395 2524 2503 2608 29)
2530 2524 2798 2606 legitur:

1003 2649 1196 2703 τοῦτο
1241 2640 1362 2721 γὰρ
1410 2636 1600 2720 λάχος
1646 2636 1961 2700 διανταία

1003 2756 1206 2835 Μοῖρ’
1256 2749 1611 2814 ἐπέκλωσεν
1658 2749 1941 2833 ἐμπέδως
1989 2751 2155 2835 ἔχειν
2270 2799 2285 2816 .

646 2868 1120 2951 Unusquisque
1173 2868 1403 2951 statim'
1447 2863 1636 2950 λάχος
1683 2867 1915 2931 referet
1958 2868 2042 2930 ad
2088 2871 2402 2950 Λάχεσιν,
2448 2864 2801 2929 ἐπέκλωσεν

552 2982 637 3045 ad
677 2977 966 3059 Κλωθώ,
1007 2978 1317 3042 διανταία
1341 2982 1425 3045 ad
1444 2979 1793 3062 ’'Amoumae.
1824 2963 1882 3064 1)
1931 2982 2105 3045 Nam
2132 2983 2293 3044 deae
2317 2982 2633 3044 Lachesis
2654 3003 2798 3063 pro·

554 3097 772 3179 prium
841 3104 979 3159 erat
1047 3095 1134 3155 τὸ
1204 3092 1448 3176 λάχος
1515 3094 1623 3158 vel
1693 3091 1907 3176 λάχη
1975 3091 2307 3171 δοῦναι,’
2376 3093 2656 3158 Clothus
2716 3096 2804 3156 τὸ

554 3205 1374 3292 ἐπικλὼθειώ,Ἀῒι·ορί
1423 3209 1509 3270 τὸ
1544 3214 1639 3289 μή
1682 3213 2154 3290 τρεφθιῆνμι
2192 3209 2312 3272 sed
2353 3206 2803 3270 διανταίαν

554 3319 837 3386 ἐλθὲῒν
885 3323 970 3389 ad
1013 3324 1446 3405 propositum.
1493 3322 1591 3386 At
1628 3343 1827 3403 voces
1866 3331 2214 3406 quaesunt
2238 3319 2447 3406 λάχος,
2474 3320 2804 3399 διανταία,

557 3432 936 3513 ἐπέκλωσεν,
1004 3436 1088 3498 ad
1157 3436 1279 3499 tria
1347 3434 1458 3497 illa
1529 3436 1819 3514 nomina,
1888 3436 1993 3499 vel
2056 3436 2277 3518 potius
2338 3436 2423 3499 ad
2485 3436 2627 3498 illas
2673 3444 2805 3499 tres

555 3551 710 3614 deas
767 3550 1182 3632 pertinenteS,
1251 3549 1378 3613 hoc
1438 3550 1587 3613 loco
1647 3550 1734 3613 ad
1794 3551 2056 3614 unicam
2105 3553 2371 3631 Μοῖραν
2423 3551 2805 3628 referuntur,

555 3685 690 3749 quo
737 3666 1152 3730 manifestum
1201 3675 1300 3730 est
1344 3664 1759 3748 Aeschylum
1784 3665 1905 3728 has
1928 3674 2063 3728 tres
2089 3665 2242 3728 deas
2260 3667 2331 3728 in
2357 3684 2551 3728 unam
2578 3669 2805 3746 μοῖραν

556 3781 852 3864 redigere
888 3791 1208 3845 conatum
1253 3801 1417 3844 esse.
1467 3781 1531 3865 2)

628 4017 674 4083 ι)
711 4017 1034 4083 Quamquam
1066 4019 1162 4068 hae
1196 4019 1326 4070 duae
1357 4033 1506 4068 voces
1533 4016 1821 4084 (διανταία
1856 4023 1905 4067 et
1926 4017 2211 4084 Ἄτροπος)
2238 4017 2400 4067 solum
2420 4006 2812 4084 significationiS‚

557 4125 660 4158 non
713 4108 826 4157 soni
875 4115 1101 4173 respectu
1156 4108 1331 4157 habito
1389 4109 1516 4158 inter
1567 4124 1620 4157 se
1671 4109 1961 4158 cohaerent.
2031 4108 2163 4156 Vide
2214 4108 2507 4157 Passovium
2559 4108 2651 4156 sub
2687 4123 2810 4156 voce

563 4201 864 4258 διανταῖος.

626 4295 676 4356 2)
741 4292 910 4354 Quam
972 4290 1176 4341 difficile
1205 4287 1376 4342 'fuerit
1427 4291 1701 4357 Aeschylo,
1754 4293 1943 4358 μοίρας
1992 4291 2251 4340 notionem
2303 4293 2392 4356 per
2442 4307 2497 4339 se
2550 4291 2812 4356 concipere

555 4390 838 4451 separatam
872 4387 938 4435 ab
970 4385 1068 4434 deo
1099 4385 1183 4434 vel
1217 4384 1328 4450 diis,
1365 4385 1517 4433 etiam
1553 4399 1710 4446 ex‘eo
1747 4389 1967 4448 apparet,
1999 4383 2135 4448 quod
2166 4383 2390 4448 Erinyes
2420 4398 2550 4448 quae
2568 4383 2813 4445 hocloco,

557 4476 740 4544 (Eum.
796 4476 912 4542 329)
966 4476 1178 4543 Μοῖραν
1231 4483 1486 4526 auctorem
1537 4475 1810 4545 appellant,
1861 4476 2018 4523 Eum.
2054 4472 2318 4538 388—389
2366 4490 2419 4522 se
2453 4489 2601 4524 suum
2634 4489 2810 4522 munus
