3442 4975
1611 431 1698 520 93,

532 605 902 681 Christiani,
949 605 1062 686 qui
1113 604 1164 665 si
1215 603 1325 685 qui
1375 602 1478 664 alii
1505 601 1700 664 deum
1728 619 1873 662 esse
1902 598 2200 681 spiritum
2226 619 2511 681 eumque
2536 599 2779 682 ubique

531 728 942 803 praesentem
991 717 1224 779 adesse
1271 717 1567 792 credunt,
1617 715 2015 796 saepissime,
2068 721 2139 775 ut
2184 713 2306 794 ipsi
2354 711 2535 775 Sacri
2578 713 2781 787 Libri,

533 835 616 898 de
667 834 793 895 Dei
842 832 1046 907 cae10,
1095 830 1228 893 alto
1274 839 1707 912 separatoque
1754 828 1837 890 ab
1884 827 2025 890 aliis
2074 827 2255 903 lociS,
2305 827 2682 910 loquuntur.
2725 826 2783 907 1)

625 948 887 1029 Quodsi
936 946 1234 1008 homines
1280 944 1561 1026 denique
1609 943 1920 1006 divinitus
1960 941 2175 1024 afflari
2194 942 2518 1018 d1cuntur,
2545 951 2617 1005 ut
2645 961 2782 1004 rem

535 1063 825 1143 aliquam
873 1059 1233 1141 suscipiant
1279 1066 1392 1121 aut
1437 1055 1773 1139 perficiant
1820 1063 1893 1116 ut
1938 1055 2178 1134 Agam.
2234 1055 2611 1134 105—106:

1387 1169 1482 1231 ἔτι
1530 1171 1649 1250 γὰρ
1697 1172 1938 1229 θεόθεν
1988 1167 2338 1231 καταπνέει

811 1275 1022 1336 πειθὼ
1068 1270 1358 1354 μολπᾶν,

540 1392 595 1453 si
653 1400 717 1453 et
764 1390 946 1472 quod
991 1389 1075 1451 ad
1123 1407 1362 1470 corpus
1409 1396 1474 1449 et
1519 1387 1700 1468 quod
1750 1386 1833 1448 ad
1880 1386 2173 1448 animum
2220 1387 2303 1449 ab
2350 1406 2613 1450 summ-o
2660 1386 2789 1449 deo

540 1512 877 1586 reguntur,
907 1503 971 1585 2)
997 1504 1046 1564 si
1073 1500 1268 1564 huius
1297 1500 1400 1563 dei
1425 1508 1718 1582 potestas
1740 1520 1859 1582 per
1882 1508 2096 1563 totum
2121 1509 2418 1582 penetrat
2444 1501 2781 1578 mundum,

543 1638 758 1681 nonne
829 1615 992 1678 haec
1062 1615 1302 1692 omnia,
1374 1634 1646 1696 quaeso,
1689 1615 1927 1696 potius
1974 1616 2058 1678 ad
2104 1615 2421 1679 infinitum
2468 1617 2787 1698 spiritum,

542 1752 744 1816 quam
813 1732 896 1796 ad
961 1730 1160 1793 deum
1204 1728 1480 1811 parvulo
1530 1728 1859 1792 inclusum
1906 1749 2181 1811 corpore
2226 1731 2550 1814 pertinere
2596 1731 2787 1792 etiam

543 1843 888 1926 Aeschylo
935 1845 1149 1906 visum
1175 1843 1340 1904 erit?
1388 1843 1657 1904 Manent
1679 1842 1974 1924 profecto
1999 1842 2143 1905 illae
2170 1843 2419 1906 formae
2442 1841 2793 1922 humanae,

544 1960 791 2043 quibus
863 1967 940 2043 et·
994 1958 1152 2028 Ζεύς
1199 1965 1264 2019 et
1309 1957 1412 2019 alii
1461 1956 1548 2019 dii
1600 1958 1664 2019 in
1712 1978 2017 2021 scaenam
2064 1958 2567 2023 descenderunt.
2658 1958 2791 2022 Sed

546 2076 742 2138 etiam
791 2071 1171 2135 Christianis
1217 2079 1471 2133 constat
1520 2071 1741 2132 Deum
1787 2071 1943 2134 olim
1992 2071 2279 2136 humana
2330 2074 2548 2156 specie
2584 2072 2793 2136 homi·

547 2189 738 2251 nibus
809 2186 1211 2268 apparuisse,
1285 2184 1348 2267 3)
1434 2204 1646 2266 neque
1715 2193 1934 2247 tamen
2011 2186 2289 2250 credunt
2358 2187 2487 2249 tale
2555 2176 2795 2270 corpus

548 2301 806 2364 divinae
853 2309 1123 2362 naturae
1167 2297 1510 2380 proprium
1559 2317 1725 2360 esse.

639 2414 956 2478 Pindarus
1004 2414 1076 2495 4)
1146 2421 1208 2475 et
1254 2411 1358 2474 alii
1406 2418 1640 2495 po‘etae
1689 2411 1924 2476 Graeci
1975 2414 2341 2479 docuerunt
2388 2415 2687 2478 homines
2735 2423 2798 2478 et

549 2533 708 2595 deos
779 2530 971 2592 unius
1019 2527 1448 2610 eiusdemque
1497 2530 1755 2611 generis
1805 2550 1966 2592 esse.
2022 2531 2083 2615 5)
2176 2532 2305 2597 Ubi
2353 2532 2552 2614 igitur
2598 2530 2795 2595 deum

547 2646 848 2709 homines
888 2644 1385 2706 convenientem
1422 2643 1726 2720 facerent,
1768 2664 2043 2727 ecquam
2075 2646 2271 2709 aliam
2298 2646 2578 2711 sormam
2602 2655 2799 2729 atque

550 2759 905 2823 humanam
977 2758 1102 2819 deo
1164 2758 1449 2821 tribuere
1498 2757 1871 2822 debebant?
1966 2760 2062 2824 Ut
2107 2762 2235 2823 iam
2286 2781 2497 2825 meam
2546 2761 2630 2824 de
2674 2762 2798 2825 hac

551 2856 619 2937 re
665 2873 1051 2936 sententiam
1119 2872 1346 2953 paucis
1396 2871 1612 2962 verbis
1660 2872 2241 2956 comprehendam,
2310 2875 2800 2959 Aeschylus

553 3009 712 3051 non
776 2986 1150 3050 credidit
1209 3006 1517 3068 corpus
1567 2987 1910 3051 divinae
1958 2998 2311 3053 naturae
2356 2993 2799 3075 proprium

551 3122 764 3178 esse,
815 3120 967 3163 cum
1013 3100 1341 3163 interdum
1389 3100 1586 3163 deum
1634 3101 1758 3164 sub
1805 3100 1932 3166 alia
1978 3110 2176 3184 atque
2222 3102 2509 3167 humana
2556 3107 2799 3188 specie,

553 3234 1023 3296 nonnunquam
1070 3215 1265 3277 etiam
1314 3216 1451 3277 sine
1500 3214 1631 3277 ulla
1675 3215 1885 3277 forma
1929 3216 2332 3297 cogitaverit.
2408 3201 2800 3301 Plerumque

552 3340 792 3407 tamen,
865 3328 1001 3392 ubi
1073 3349 1234 3391 rem
1307 3330 1575 3392 minus
1647 3330 1745 3392 ad
1805 3330 2082 3393 vivum
2148 3332 2624 3409 resecabat,
2673 3332 2801 3395 deo

555 3465 794 3528 corpus
864 3442 1173 3519 attribuit,
1243 3443 1356 3505 sed
1417 3452 1635 3506 utrum
1682 3442 1785 3514 his
1832 3443 1990 3505 locis
2039 3444 2122 3506 de
2170 3453 2479 3508 concreto
2527 3466 2802 3528 corpore

553 3578 636 3622 an
707 3558 789 3622 de
857 3556 1224 3635 θεοφανείᾳ,
1294 3577 1492 3640 quam
1562 3565 1819 3633 vocant,
1887 3558 2294 3639 cogitaverit,
2371 3579 2516 3640 non·
2574 3560 2799 3643 liquet.

629 3770 674 3836 1)
726 3769 826 3819 Csr.
875 3771 972 3819 Ies.
1017 3768 1205 3832 LXVI,
1255 3774 1304 3829 Ἰ,
1351 3784 1479 3832 quae
1521 3769 1672 3818 verba
1705 3769 1942 3818 iterantur
1994 3771 2099 3819 Act.
2139 3771 2260 3832 VII,
2296 3785 2392 3835 49:
2446 3771 2547 3833 ,50
2582 3773 2804 3840 οὐρανός

556 3882 642 3922 μοι
683 3862 896 3929 θρόνος,
933 3863 964 3926 ἡ
1003 3859 1066 3908 δὲ
1106 3865 1176 3924 γῆ
1216 3858 1513 3909 ἱ·,”το.’τόδιον
1549 3859 1731 3910 ποδῶν
1767 3882 1882 3921 μου.

627 3951 678 4018 2)
711 3952 860 4018 Apud
890 3950 1192 4015 Aeschylum
1225 3951 1426 4015 passim,
1461 3966 1505 3999 e.
1539 3968 1613 4016 gr.
1649 3953 1831 4016 Agant.
1874 3952 2203 4019 1448—1450
2239 3954 2377 4019 (vide
2413 3971 2461 4020 p.
2498 3965 2559 4019 25
2589 3990 2601 4005 .

626 4043 676 4107 3)
711 4042 861 4105 Quod
896 4050 1292 4091 consummatum
1327 4051 1401 4093 est
1434 4043 1487 4092 in
1523 4027 1904 4093 Christo'simul
1939 4060 2058 4093 vero
2095 4045 2209 4093 Deo
2245 4052 2295 4094 et
2328 4045 2553 4110 perfecto
2581 4046 2806 4097 homine.

624 4133 676 4200 4)
713 4136 861 4197 Nem.
897 4134 992 4200 VI,
1030 4148 1081 4183 1:
1130 4133 1186 4183 ἓν
1223 4134 1455 4203 ἀνδρῶν,
1495 4133 1552 4184 ἐν
1593 4136 1737 4186 θεῶν
1772 4138 1944 4201 γένος,
1994 4136 2059 4207 ad
2092 4153 2243 4201 quem
2279 4138 2447 4187 locum
2482 4145 2650 4189 tamen
2686 4140 2802 4189 vide

559 4227 872 4277 Boeckhium
903 4226 999 4293 (11,
1033 4239 1078 4289 2,
1113 4228 1254 4289 403).

631 4316 680 4383 5)
713 4318 813 4367 Csr.
846 4319 999 4367 verba
1033 4317 1176 4366 Pauli
1211 4318 1273 4367 ad
1311 4318 1662 4384 AthenienseS,
1699 4320 1809 4368 Act.
1852 4318 2039 4382 17,28=
2092 4320 2150 4367 ἓν
2188 4320 2330 4387 αὐτῷ
2366 4320 2470 4387 γὰρ
2509 4324 2679 4383 ζῶμεν
2716 4325 2804 4389 uqi

564 4412 863 4470 κινούμεθα
920 4414 1005 4458 καί
1058 4411 1232 4469 ἔσμεν·
1281 4408 1346 4467 ὡς
1400 4414 1488 4458 καί
1541 4429 1678 4468 τινες
1736 4414 1831 4460 τῶν
1881 4412 2015 4459 καθ’
2068 4413 2205 4470 ὑμᾶς
2260 4415 2492 4478 ποιητῶν
2547 4416 2803 4479 εἰρήκασι·

562 4500 714 4566 ,,Τοῦ
751 4504 855 4569 γὰρ
893 4504 980 4549 καὶ
1017 4504 1168 4566 γένος
1203 4501 1411 4561 ἓσμὲν.”
1451 4502 1614 4567 (Calv.
1651 4503 1811 4552 Instit.
1848 4504 1889 4567 Ι,
1926 4515 1972 4568 5,
2009 4517 2039 4566 3
2073 4504 2172 4551 hoc
2209 4504 2357 4553 refert
2389 4504 2454 4552 ad
2490 4504 2737 4571 Aratum).
