3442 4975
1736 397 1819 458 88

838 582 998 651 Ζεύς
1043 575 1362 663 βασιλεύς,
1410 583 1570 652 Ζεύς
1617 579 1804 680 αἱζτός
1850 583 2163 647 ἁπάντων
2208 582 2666 666 ἀρχιγενεθλος.

841 685 1097 752 πάντας
1143 683 1262 764 γὰρ
1310 687 1568 764 κρύψας
1614 685 1799 754 arva,-
1846 688 2003 763 φάος
2053 689 2111 757 ἐς
2158 684 2518 767 πολυγηθές

839 781 906 856 ἐξ
955 785 1119 866 ἱερῆς
1165 782 1424 866 κραδίης
1469 784 1857 863 ἀνένέγκατο
1902 785 2168 868 μέρμερα
2215 786 2423 866 ῥέζων.
2484 791 2541 872 1)

754 900 850 964 Ut
919 900 1118 980 igitur
1190 901 1251 962 in
1323 899 1646 983 Aeschyli
1717 902 2090 983 fragmento
2153 904 2312 974 Ζεύς
2370 909 2447 980 ιγῆ
2517 914 2581 969 et
2647 909 2909 988 οὐρανὸς

659 1013 917 1091 dicitur,
979 1014 1073 1079 sic
1121 1013 1185 1076 in
1233 1012 1362 1076 hoc
1414 1013 1670 1096 hymno
1719 1014 1878 1088 Ζεύς
1923 1015 2289 1098 appellatur
2336 1015 2505 1096 ἣλιος
2549 1030 2616 1085 et
2660 1004 2907 1102 σελήνη,

660 1138 869 1191 terrae
937 1137 1158 1192 autem
1231 1137 1296 1191 et
1366 1128 1526 1192 caeli
1602 1131 1869 1208 πυθμὴν
1932 1130 2189 1207 dicitur,
2259 1132 2325 1195 id
2387 1143 2507 1210 est,
2572 1135 2761 1198 radix
2803 1136 2908 1200 vel

662 1244 1183 1319 fundamentum,
1255 1242 1436 1324 quod
1508 1257 1734 1306 rursus
1806 1245 2062 1325 poetice
2121 1245 2373 1309 dictum
2436 1257 2535 1310 est
2576 1269 2699 1330 pro
2746 1270 2910 1313 voce

661 1379 830 1442 quae
897 1368 995 1422 est
1064 1359 1373 1436 funditor,
1436 1366 1523 1435 et,
1586 1377 1720 1441 quo
1770 1358 1985 1420 omnis
2031 1358 2352 1422 dubitatio
2398 1361 2667 1438 tollitur,
2712 1385 2775 1426 v.
2833 1381 2914 1428 10

666 1474 826 1544 Ζεύς
895 1474 1117 1537 omnia
1196 1473 1546 1538 fabricatus
1617 1491 1764 1534 esse
1841 1471 2110 1535 dicitur:
2208 1474 2359 1545 Διὸς
2430 1471 2487 1534 δ’
2556 1477 2619 1536 ἐκ
2691 1480 2912 1540 πάντα

666 1584 990 1648 τέτυκται.
1042 1585 1107 1668 2)
1157 1587 1307 1650 Hac
1355 1587 1707 1668 fragmenti
1756 1586 2287 1669 interpretatione
2333 1597 2587 1652 tantum
2632 1588 2701 1652 in
2752 1590 2912 1653 Iove

664 1701 773 1765 illa
855 1721 1139 1785 persona
1223 1704 1321 1765 sui
1393 1702 1714 1778 conscia‚·
1764 1721 1931 1785 quae
1999 1702 2221 1764 omnia
2291 1723 2553 1767 summa
2618 1706 2914 1786 potentia

667 1816 982 1898 sapientia
1043 1815 1336 1880 bonitate
1398 1818 1640 1880 iustitia
1691 1816 2033 1898 gubernat,
2083 1817 2333 1900 integra
2381 1827 2696 1896 servatur,
2744 1840 2913 1902 quae

667 1932 910 2015 ubique
958 1932 1025 1995 in
1063 1930 1379 2013 Aeschyli
1421 1931 1778 2013 tragoediis
1804 1949 2210 2020 summa-nos
2237 1932 2441 2014 replet
2463 1933 2912 2011 admiratione,

650 2048 778 2130 qui
855 2067 1034 2111 mare
1104 2046 1288 2110 caelo
1357 2047 1729 2128 permiscet,
1803 2046 1913 2128 qui
1984 2066 2105 2108 sua
2151 2045 2422 2109 fulmIna
2468 2048 2532 2111 in
2577 2047 2913 2130 improbos

643 2170 864 2243 atque
909 2160 1218 2224 scelestos
1267 2161 1635 2242 detorquet,
1686 2161 1797 2243 qui
1848 2158 2099 2224 miseris
2147 2171 2213 2224 et
2258 2162 2760 2244 implorantibus
2796 2185 2915 2226 sua

671 2295 799 2356 ope
843 2274 1052 2353 adest,
1102 2274 1207 2338 cui
1255 2273 1554 2339 homines
1594 2275 1877 2357 denique
1902 2289 2231 2338 summam
2256 2277 2563 2358 pietatem
2588 2278 2914 2360 perfectis-

669 2389 1035 2472 simamque
1080 2389 1565 2453 oboedientiam
1613 2389 1873 2454 debent.
1926 2393 1987 2470 3)
2054 2455 2057 2458 ,

759 2618 1115 2699 Postquam
1186 2637 1383 2699 supra
1444 2617 1732 2681 vidimus
1779 2617 2008 2681 Iovem
2053 2617 2511 2701 Aeschyleum
2560 2636 2913 2701 personam

647 2750 810 2795 esse
879 2732 980 2794 sui
1051 2731 1518 2814 omniumque.
1553 2752 1771 2796 rerum
1834 2733 2191 2811 conscium,
2241 2754 2415 2796 nunc
2462 2735 2589 2797 iam
2636 2733 2742 2796 alii
2791 2734 2915 2797 loci

667 2844 866 2909 animi
929 2844 1268 2928 requirunt
1329 2846 1782 2923 attentionem,
1831 2846 2069 2929 quibus
2116 2849 2348 2929 partim
2396 2849 2647 2911 numini
2694 2849 2917 2914 divino

669 2959 1032 3023 humanum
1081 2980 1320 3045 corpus
1365 2960 1690 3037 tribuitur,
1739 2962 1977 3044 partim
2014 2962 2409 3050 de'deorum
2434 2964 2917 3027 immortalitate

670 3095 899 3142 sermo,
932 3083 1058 3139 est.

741 3286 787 3354 1)
820 3288 882 3338 In
931 3288 1156 3339 Lobeck.
1202 3288 1460 3355 Aglaoph.
1507 3288 1607 3339 hoc
1653 3289 1993 3353 fragmentum
2040 3288 2292 3353 invenitur
2325 3290 2368 3353 1,
2405 3301 2502 3355 523
2538 3307 2653 3341 cum
2691 3292 2919 3342 versione

669 3379 868 3440 Latina,
902 3396 1052 3444 quam
1085 3380 1291 3430 exhibet
1326 3380 1587 3445 ApuleiuS.

737 3469 788 3536 2)
824 3470 923 3519 Cfr.
960 3470 1023 3519 ad
1055 3469 1285 3521 Corinth.
1306 3472 1348 3531 I,
1381 3471 1428 3536 8,
1447 3472 1603 3536 5—6:
1644 3472 1732 3519 καὶ
1770 3472 1874 3538 γὰρ
1911 3471 2065 3540 εἴπερ
2102 3472 2201 3521 εἶσὶ
2240 3470 2517 3536 λεγόμενοι
2556 3474 2677 3522 θεοὶ
2712 3473 2919 3533 πολλοὶ,

673 3560 780 3611 εἴτε
831 3560 890 3609 ἔν
941 3563 1163 3629 οὐρανῷ,
1217 3560 1325 3610 εἴτε
1377 3564 1466 3610 ἐπὶ
1515 3567 1616 3626 τῆς
1666 3568 1767 3627 γῆς
1810 3561 2007 3630 (ὥσπερ
2056 3564 2155 3613 εἶσὶ
2207 3565 2328 3611 θεοὶ
2376 3562 2583 3623 πολλοί,
2634 3567 2721 3613 καὶ
2757 3566 2921 3632 κύριοι

673 3651 898 3718 πολλοῦ)
932 3650 1054 3700 ἀλλ’
1093 3655 1222 3717 ἡμῖν
1258 3647 1334 3710 εἷς
1376 3653 1511 3711 Θεὸς
1544 3654 1570 3701 ὁ
1607 3656 1810 3720 πατὴρ,
1860 3655 1923 3709 ἐξ
1972 3641 2045 3704 οὗ
2094 3657 2176 3702 τὰ
2225 3655 2405 3703 πάνί
2428 3672 2493 3713 τι,
2533 3656 2619 3703 καὶ
2661 3657 2812 3719 ἡμεῖς
2847 3660 2922 3713 εἷς

673 3742 854 3794 αὐτόν·
905 3745 991 3792 καὶ
1027 3740 1103 3802 εἷς
1138 3740 1337 3811 Κύριος
1371 3745 1580 3811 Ἰησοῦς
1616 3744 1875 3814 Χριστός,
1929 3745 2030 3794 δι’
2078 3734 2151 3796 οὗ
2200 3748 2279 3794 τὰ
2327 3747 2596 3805 πάντα,
2648 3750 2735 3795 καὶ
2770 3750 2923 3812 ἡμεῖς

674 3836 749 3885 δι’
786 3836 968 3887 αὐτοῦ.
1019 3837 1084 3885 Et
1121 3834 1186 3885 ad
1223 3836 1373 3887 Rom.
1410 3836 1503 3899 XI,
1539 3836 1631 3900 36:
1681 3838 1763 3886 ὅτι
1796 3838 1848 3893 ἐξ
1885 3838 2051 3886 αὑτοῦ
2089 3839 2176 3886 καὶ
2212 3837 2287 3886 δι’
2325 3838 2490 3886 αὑτοῦ
2527 3840 2612 3885 καὶ
2648 3841 2723 3896 εἷς
2758 3840 2923 3888 αὐτὸν

665 3930 744 3978 ’τὰ
781 3927 984 3977 πάντα·

742 4020 792 4086 3)
827 4020 1143 4084 Quamquam
1178 4019 1330 4085 igitur
1366 4022 1521 4086 χθὼν
1556 4028 1605 4070 et
1640 4022 1818 4089 αἰθὴρ
1854 4027 2111 4085 tamquam
2145 4036 2389 4086 personae
2414 4020 2759 4086 implorantur,
2778 4022 2925 4072 nobis

672 4119 787 4179 post
835 4112 962 4161 illud
1012 4112 1344 4177 fragmentum
1391 4116 1747 4179 pertractatum
1796 4114 1898 4162 iam
1931 4112 2246 4178 perspicuum
2280 4118 2354 4161 est
2386 4110 2481 4160 hos
2515 4126 2619 4160 non
2654 4128 2771 4163 vere
2802 4115 2924 4163 deos

673 4220 780 4255 esse
827 4204 1094 4269 putandos.
1149 4203 1338 4253 Partim
1383 4205 1481 4254 hoc
1517 4212 1588 4271 τῇ
1623 4204 2027 4268 δεισιδαιμονίᾳ
2066 4201 2387 4253 Graecorum
2408 4202 2581 4269 (quam
2613 4204 2923 4269 Aeschylum
3002 4254 3009 4267 ,

675 4298 724 4345 in
758 4295 861 4345 suis
906 4296 1190 4360 tragoediis,
1238 4295 1536 4362 depinxisse.
1572 4296 1826 4345 neminem
1873 4294 2126 4361 offendet),
2172 4310 2273 4359 qua
2306 4294 2477 4343 omnia
2511 4295 2715 4345 numine
2748 4296 2925 4345 divino

673 4388 861 4453 repleta
908 4403 1014 4437 esse
1062 4388 1350 4452 credebant,
1384 4388 1705 4438 tribuendum
1740 4395 1832 4454 est,
1863 4388 2047 4453 partim
2083 4396 2153 4453 τῇ
2188 4390 2606 4454 προσωποποιίᾳ,
2642 4402 2741 4451 qua
2773 4388 2925 4439 etiam

678 4494 768 4527 nos
801 4493 896 4538 reS,
929 4478 1073 4545 quasi
1109 4485 1272 4527 essent
1304 4493 1565 4544 personae,
1600 4492 1963 4544 nonnunquam
1998 4478 2188 4544 alloqui
2224 4478 2461 4528 solemuS.
