3442 4975
1620 400 1699 469 61

535 589 760 672 opinio
807 610 889 652 eo
935 588 1416 666 corroboratur,
1466 591 1648 674 quod
1698 592 1979 676 Erinyes
2027 595 2225 657 etiam
2275 617 2469 659 unam
2518 601 2785 679 ,Μοῖραν

535 703 865 785 appellant
910 704 1117 788 (Eum.
1170 703 1352 786 329),
1401 724 1602 787 quam
1649 706 2031 789 Aeschylus
2078 709 2285 771 tribus
2333 709 2457 772 illis
2505 714 2788 775 muneri-

537 817 662 881 bus
708 818 1068 882 cumulavit
1136 819 1267 902 (vv.
1321 820 1719 903 328—329),
1768 842 1938 904 quae
1986 823 2243 905 singula
2291 824 2454 887 inter
2500 826 2789 908 singulas

539 928 800 1010 Μοίρας
847 932 1148 995 distribui
1197 932 1428 999 solent.

637 1045 710 1108 In
799 1046 1163 1109 Prometheo
1252 1046 1532 1130 denique
1625 1050 1874 1129 Μοῖραι
1970 1050 2173 1113 semel
2265 1072 2463 1134 supra
2554 1051 2779 1115 Iovem

537 1171 890 1244 ponuntur,
939 1163 1056 1226 sed
1104 1183 1142 1225 a
1190 1162 1603 1241 Prometheo,
1653 1165 1766 1247 qui
1815 1166 1873 1228 Ι0
1908 1163 2060 1228 huic
2087 1188 2242 1230 suae
2268 1167 2472 1250 ipsius
2496 1168 2793 1250 opinioni

540 1285 860 1360 repugnat
949 1276 1183 1360 (From.
1277 1276 1464 1359 261);
1556 1277 1652 1340 IIo
1741 1278 2026 1342 eundem
2107 1281 2543 1364 principatum
2616 1282 2791 1344 Diris

538 1391 850 1469 attribuit,
899 1411 1034 1473 quo
1079 1399 1300 1454 tamen
1347 1392 1506 1469 iure,
1552 1409 1783 1456 omnes
1828 1394 1955 1456 iam
2002 1394 2254 1473 vident3
2318 1395 2451 1458 ΙΙΙΟ
2496 1404 2792 1460 extrema

539 1505 635 1567 ira
702 1505 991 1588 odioque
1060 1506 1344 1588 agitatus
1411 1526 1488 1568 ea
1533 1506 1705 1581 dicit,
1772 1528 1941 1590 quae
1984 1528 2137 1572 vera
2183 1529 2327 1571 esse
2372 1509 2791 1574 vehementer

541 1619 790 1700 gestiat.
862 1618 1018 1701 Quo
1086 1620 1360 1698 accedit,
1420 1620 1601 1702 quod
1648 1618 1911 1700 choruS,
1958 1620 2286 1699 OceanUS,
2334 1627 2594 1704 Κράτος
2638 1645 2791 1688 con-

539 1734 804 1798 trariam
851 1732 1094 1799 habent
1142 1735 1540 1818 opinionem.

631 1850 804 1913 Tum
872 1850 1108 1926 solum,
1181 1850 1290 1913 ubi
1360 1847 1743 1933 Aeschylus
1812 1852 1896 1915 de
1966 1854 2211 1915 ratione
2288 1853 2551 1935 cogitat,
2622 1872 2793 1935 quae

544 1965 705 2029 inter
775 1964 1001 2029 Iovem
1073 1974 1138 2029 et
1207 1968 1608 2052 antiquiores
1653 1969 1833 2043 deOS,
1881 1966 1922 2031 i.
1972 1987 2029 2032 e.
2079 1967 2399 2048 imagines
2442 1962 2584 2029 'eius
2631 1974 2791 2029 tem·

543 2079 739 2162 poriS,
804 2101 957 2142 cum
1019 2082 1180 2151 Ζεύς
1227 2083 1522 2146 nondum
1571 2091 1758 2159 esset,
1805 2080 2161 2156 intercedit,
2208 2080 2353 2143 Iovi
2402 2101 2598 2143 suum
2643 2100 2791 2161 pro-

542 2194 758 2276 prium
834 2195 1041 2257 satum
1108 2195 1393 2258 tribuere
1458 2195 1723 2259 videtur
1818 2214 1971 2257 cum
2044 2203 2264 2256 tamen
2333 2194 2415 2255 de
2485 2193 2657 2256 Iovis
2726 2195 2791 2256 in

543 2307 844 2370 homines
913 2309 1186 2391 imperio
1257 2329 1477 2372 sermo
1546 2317 1664 2386 est,
1734 2307 2110 2390 Aeschylus
2171 2328 2301 2370 non
2360 2310 2543 2372 novit
2588 2308 2791 2373 fatum

547 2420 667 2484 nisi
737 2420 824 2498 id,
898 2421 1080 2504 quod
1148 2421 1233 2486 ab
1300 2422 1457 2487 Iove
1523 2422 1952 2506 proficiscitur
2007 2421 2086 2508 1).
2158 2421 2391 2514 Itaque
2449 2420 2791 2507 Aeschylo

547 2555 845 2598 summus
890 2536 1054 2598 deus
1101 2545 1240 2602 erat
1286 2537 1462 2609 Ζεύς.

619 2710 664 2777 1)
732 2711 854 2759 Non
920 2710 1069 2774 igitur
1141 2710 1385 2759 assentior
1448 2709 1652 2775 argutiis
1719 2709 1989 2759 Klausenii
2053 2709 2115 2758 de
2164 2709 2377 2778 Μοίρας
2428 2711 2793 2776 significatione

546 2819 595 2868 p.
648 2804 864 2866 36-41.
915 2803 1056 2852 Dicit
1106 2818 1157 2867 p.
1215 2802 1446 2866 38—39:
1499 2802 1803 2863 „Parcarum
1854 2817 2031 2855 munus
2082 2808 2155 2852 est
2203 2802 2405 2868 duplex,
2458 2811 2719 2868 utrumque
2766 2820 2793 2852 e

545 2895 707 2960 prima
755 2901 804 2944 et
851 2895 958 2960 ipsa
1008 2910 1179 2945 earum
1229 2902 1404 2943 natura
1454 2894 1746 2960 profectum.
1799 2894 1934 2944 Tum
1967 2894 2223 2958 assignant
2251 2901 2493 2958 naturam,
2529 2902 2634 2945 tum
2669 2896 2793 2946 assi-

543 2994 750 3054 gnatam
782 2992 995 3046 servant,
1032 3001 1095 3035 ne
1130 2985 1241 3050 quis
1271 3001 1383 3035 eam
1417 2986 1633 3050 abjiciat.
1670 2986 1972 3036 Custodiunt
2004 2987 2150 3051 igitur
2184 2987 2304 3036 deos
2352 2993 2405 3037 ut
2439 2995 2673 3037 maneant
2706 2987 2797 3054 dii,

547 3079 776 3129 homines
824 3085 878 3128 ut
927 3085 1162 3128 maneant
1208 3077 1456 3156 homineS,
1501 3078 1815 3143 Apollinem,
1849 3094 1911 3128 ne
1944 3079 2029 3129 fiat
2062 3078 2252 3143 Iupiter
2287 3077 2358 3144 (Σ),
2393 3094 2456 3127 ne
2488 3080 2575 3129 fiat
2610 3079 2796 3129 inferus

547 3187 674 3220 neve
718 3171 803 3220 fiat
852 3169 1170 3236 imbecillior,
1222 3186 1348 3220 neve
1398 3170 1662 3234 potentior,
1686 3164 1861 3235 v'quam
1911 3169 2047 3234 quod
2094 3169 2203 3234 ipsa
2255 3171 2363 3219 eius
2414 3177 2588 3219 natura
2620 3170 2798 3219 divina

549 3249 870 3313 constitutum
920 3270 1009 3312 est.
1061 3249 1379 3311 Custodiunt'
1405 3261 1557 3310 etiam
1608 3261 1804 3321 Iovem,
1838 3277 1902 3311 ne
1936 3262 2043 3312 eius
2077 3259 2303 3326 potentia
2335 3261 2642 3327 infringatur,
2678 3262 2797 3326 quia

547 3371 609 3405 ea
657 3355 798 3404 Iovis
847 3361 1024 3404 natura
1072 3353 1341 3404 constituta
1385 3360 1475 3420 est,
1523 3361 1574 3403 ut
1613 3354 1685 3428 sit.
1709 3353 2106 3418 potentissimus,
2128 3391 2140 3402 .
2163 3391 2175 3403 .
2197 3392 2209 3403 .
2253 3353 2464 3402 Minime
2498 3369 2617 3402 vero
2652 3369 2798 3418 prop-

548 3455 683 3498 terea
737 3447 863 3496 Iove
907 3453 1023 3495 sunt
1067 3446 1389 3512 potentiores,
1425 3445 1520 3495 nisi
1553 3445 1680 3495 forte
1713 3446 1841 3510 regii
1876 3447 2098 3512 corporis
2133 3445 2365 3496 custodes
2392 3436 2500 3510 ipso
2534 3460 2653 3510 rege
2688 3460 2796 3494 esse

548 3539 853 3606 potentiores
897 3539 1198 3589 contendere
1249 3535 1374 3588 viS.''
1426 3539 1589 3600 Quam
1635 3540 1958 3588 vehementer
2006 3539 2130 3588 haec
2164 3537 2488 3610 *comparatio
2535 3535 2799 3604 claudicet,

550 3633 759 3697 quisque
809 3631 969 3697 videt,
1019 3647 1136 3680 nam
1186 3647 1273 3680 rex
1326 3631 1449 3680 tales
1501 3631 1733 3679 custodes
1767 3630 1865 3679 sibi
1898 3630 2004 3695 ipse
2038 3629 2309 3690 constituit,
2343 3635 2395 3678 at
2428 3629 2655 3695 Iuppiter
2688 3629 2797 3678 illas

551 3724 761 3791 Μοίρας
819 3724 1186 3773 Klausenianas
1239 3737 1341 3772 non
1392 3722 1666 3786 constituit,
1697 3737 1785 3771 rex
1818 3721 1905 3770 ille
1938 3737 2055 3772 suos
2089 3721 2321 3771 custodes
2355 3737 2586 3772 amovere
2620 3727 2799 3786 potest,

549 3816 756 3868 simulac
789 3816 914 3878 vult,
947 3815 1173 3881 Iuppiter
1207 3815 1419 3881 Μοίρας
1454 3829 1558 3863 non
1591 3819 1771 3878 potest.
1809 3813 1860 3862 Si
1900 3813 2127 3863 Klausen
2144 3812 2331 3863 deinde
2350 3813 2569 3878 disputat
2586 3812 2797 3879 Μοίρας

473 3905 478 3908 ’
551 3909 621 3958 sic
654 3915 882 3973 acceptas
915 3923 1077 3957 meras
1109 3906 1440 3972 cogitationes
1469 3906 1554 3960 ,vel
1587 3905 1727 3954 ideas
1759 3921 1882 3972 esse,
1930 3920 2111 3970 easque
2144 3905 2323 3954 eodem
2359 3905 2465 3954 iure
2499 3904 2628 3953 filias
2661 3904 2801 3954 Iovis

553 4000 792 4066 appellari
843 4015 986 4067 posse
1037 4001 1106 4066 (p.
1142 4011 1209 4059 40
1243 3998 1296 4046 in
1331 3997 1656 4047 annotatione
1687 3975 1780 4061 34:
1834 3996 2029 4062 „Finge
2061 3995 2155 4046 tibi
2189 4013 2301 4046 cum
2336 3996 2555 4045 Pindaro
2592 3996 2799 4045 numina

551 4091 846 4150 Veritatem,
881 4091 1146 4149 Pudorem,
1192 4089 1512 4150 Εὑθυμίαν,
1551 4089 1759 4153 Legem,
1795 4089 2065 4137 Iustitiam:
2101 4089 2191 4137 has
2227 4103 2401 4137 omnes
2436 4094 2640 4138 eatenus
2677 4088 2799 4138 Iove

553 4185 832 4251 superiores
883 4184 1050 4234 dicere
1099 4182 1302 4248 poteriS,
1353 4188 1592 4247 quatenus
1643 4197 1773 4241 eam,
1820 4196 1974 4246 quam
2008 4171 2235 4244 quaeque
2270 4178 2534 4244 significat,
2570 4179 2799 4228 virtutem

554 4279 668 4328 Iovi
714 4277 944 4327 tribuisse
977 4276 1274 4340 cogitantur.
1343 4275 1562 4324 Easdem
1597 4289 1717 4322 vero
1754 4273 1934 4322 eodem
1968 4273 2076 4322 iure
2110 4271 2243 4320 Iovis
2278 4271 2404 4320 filias
2438 4271 2606 4322 dicere
2638 4276 2800 4334 potes·

555 4369 700 4418 Nihil
751 4369 911 4437 maius
963 4367 1218 4432 Aeschylo
1267 4373 1383 4415 sunt
1429 4363 1703 4430 Parcae.’'),
1751 4364 1881 4413 nihil
1927 4363 2025 4412 nisi
2057 4363 2192 4412 lusus
2227 4362 2507 4426 verborum,
2542 4360 2799 4426 Aeschylo

555 4460 811 4526 indignus,
851 4459 1162 4530 relinquitur.
