3442 4975
1613 407 1700 488 69

520 614 799 677 quarum
869 603 1206 677 aspectum
1277 596 1592 659 sustinere
1637 616 1767 659 non
1815 602 2030 678 potest
2079 595 2204 679 (vv.
2262 599 2766 683 1044—1047):

875 698 919 767 ἆ
965 698 1029 785 ἆ,

879 806 1084 889 δμῳαὶ
1130 814 1445 887 γυναῖκες,
1495 808 1634 872 αἵδε
1683 812 2025 893 Γοργόνων
2077 809 2255 894 δίκην

875 911 1294 993 φαιοχίτωνες
1341 914 1447 973 καὶ
1495 910 2097 995 πεπλεκτανημέναι

877 1018 1145 1085 πυκνοῖς
1192 1010 1552 1095 δράκουσιν·
1600 1012 1803 1075 οὐκέτ’
1853 1015 1936 1075 ἂν
1982 1013 2260 1095 μείναιμ’
2308 1014 2449 1094 ἐγώ.
2552 1097 2561 1103 ·

609 1128 864 1192 Chorus
908 1137 1128 1192 tamen
1172 1137 1361 1210 putat
1403 1137 1718 1193 terrorem
1766 1131 1963 1192 animi
2010 1130 2128 1194 has
2160 1132 2476 1213 imagines
2499 1131 2763 1213 fingere,

519 1252 916 1327 quapropter
962 1251 1171 1326 rogat,
1222 1264 1543 1326 quaenam
1593 1265 1628 1306 c
1655 1267 1696 1307 o
1722 1244 2082 1327 gitatio
2110 1265 2148 1306 n
2176 1265 2267 1307 es
2331 1266 2482 1307 eum
2530 1245 2763 1307 sollici-

514 1366 653 1421 tent
697 1359 825 1441 (vv.
885 1357 1386 1441 1048—1049):

783 1471 952 1543 τίνες
997 1491 1062 1532 σε
1111 1469 1387 1550 δόξαι,
1435 1468 1694 1552 φίλτατ’
1744 1470 2121 1551 ἀνθρώπων
2169 1471 2389 1552 πατρί,

784 1588 1152 1671 στροβοῦσι,·
1196 1583 1355 1668 ἴσχε,
1401 1588 1486 1665 μὴ
1532 1586 1729 1669 φοβοῦ
1780 1586 1976 1646 νικῶν
2026 1582 2213 1647 πολύ.

607 1700 717 1763 Ad
787 1701 966 1783 quod
1030 1699 1298 1765 Orestes
1346 1701 1696 1783 respondet
1742 1722 1851 1764 eas
1899 1721 2032 1763 non
2078 1721 2278 1763 vanas
2328 1701 2557 1764 mentis
2605 1701 2763 1763 ima-

513 1813 721 1894 gineS,
767 1814 883 1876 sed
932 1814 1071 1877 sine
1117 1814 1320 1877 dubio
1369 1815 1559 1877 iratas
1607 1815 1828 1877 matris
1891 1833 2083 1877 canes
2131 1834 2273 1876 esse
2321 1814 2449 1897 (vv.
2507 1826 2761 1893 1450—-

524 1926 759 2010 1451):

871 2026 980 2090 οὐκ
1029 2031 1149 2089 εἶσὶ
1195 2026 1377 2101 δόξαι
1428 2026 1628 2089 τῶνδε
1677 2030 1993 2111 πημάτων
2044 2028 2195 2108 ἐμοί·
2246 2073 2249 2075 ψ

866 2143 1082 2221 σαφῶς
1126 2143 1246 2223 γὰρ
1297 2139 1433 2203 αἵδε
1481 2144 1714 2224 μητρὸς
1760 2141 2003 2220 ἔγκοτοι
2054 2146 2253 2213 κιίνες.

600 2255 1046 2319 Nihilominus
1123 2255 1364 2319 chorus
1435 2256 1500 2318 in
1571 2276 1689 2318 sua
1759 2256 2078 2319 sententia
2149 2265 2544 2338 perseverat,
2604 2277 2754 2319 nam

510 2370 666 2432 dicit
729 2368 984 2433 Orestis
1048 2378 1335 2433 mentem
1383 2390 1463 2433 eo
1511 2370 1850 2453 sanguine,
1898 2391 2031 2453 quo
2079 2370 2295 2434 adhuc
2342 2372 2479 2433 eius
2526 2391 2757 2435 manus

511 2484 886 2568 inquinatae
931 2486 1080 2564 sint,
1129 2484 1373 2548 turbari
1422 2489 1553 2569 (vv.
1613 2491 2104 2566 1052—1053):

871 2598 1213 2660 ποταίνιον
1262 2599 1381 2679 γὰρ
1431 2593 1587 2680 αἷμά
1631 2619 1729 2659 σοι
1780 2605 1981 2681 χεροῖν
2031 2597 2150 2660 ἔτι·

866 2713 932 2773 ἐκ
983 2710 1185 2774 τῶνδέ
1230 2735 1327 2773 τοι
1378 2715 1697 2794 ταραγμὸς
1746 2713 1805 2786 ἐς
1851 2711 2080 2793 φρένας
2128 2711 2362 2775 πίτνει.

595 2827 692 2890 At
783 2828 1062 2911 Erinyes
1155 2829 1398 2891 interea
1493 2829 1703 2910 magis
1776 2829 2118 2910 magisque
2188 2830 2449 2906 instant,
2523 2831 2613 2892 ita
2686 2839 2756 2892 ut

509 2937 773 3004 Orestes
867 2943 958 3004 eis
1024 2942 1267 3004 diutius
1336 2942 1633 3004 resistere
1715 2963 1848 3004 non
1913 2943 2153 3024 possit,
2235 2936 2349 3005 sed
2421 2943 2618 3024 fugae
2686 2964 2754 3006 se

507 3055 794 3132 mandat,
840 3063 1191 3138 postquam
1239 3057 1583 3131 concessit,
1630 3074 2033 3137 quamquam
2084 3057 2257 3138 ipsae
2320 3056 2597 3138 Erinyes
2644 3057 2753 3119 ad-

506 3169 654 3246 sint,
702 3163 774 3232 se
818 3177 1037 3232 tamen
1085 3169 1298 3232 solum
1348 3190 1460 3232 eas
1507 3169 1732 3232 videre
1780 3168 1865 3251 (v.
1923 3169 2151 3253 1058):

861 3283 1036 3360 ὑμεῖς
1079 3284 1190 3361 μὲν
1239 3279 1350 3366 οὐχ
1397 3283 1584 3361 ὁρᾶτε
1638 3278 1844 3358 τάσδ’,
1894 3279 2011 3357 ἐγὼ
2061 3277 2117 3341 δ’
2167 3281 2309 3361 ὁρῶ.

595 3393 854 3458 Chorus
943 3396 1143 3478 igitur
1223 3395 1492 3458 minime
1562 3394 1766 3457 credit
1835 3414 2059 3457 revera
2128 3395 2282 3458 deas
2352 3415 2511 3473 esse,
2583 3417 2753 3478 quae

505 3506 807 3571 Orestam
878 3508 1243 3586 sollicitant,
1313 3509 1429 3572 sed
1500 3508 1674 3570 idem
1743 3508 1957 3586 sentit,
2029 3509 2211 3591 quod
2280 3508 2529 3588 Cicer0,
2599 3531 2751 3574 cum

504 3620 708 3685 dixit:
767 3624 822 3706 1)
900 3672 934 3699 ,‚
957 3622 1287 3699 Videtisne,
1361 3644 1511 3704 quos
1577 3622 1745 3685 nobis
1805 3630 2027 3703 poetae
2094 3622 2492 3687 tradiderunt
2540 3624 2753 3706 patris

575 3844 620 3911 1)
678 3862 772 3910 pro
823 3827 1010 3896 Roscio
1065 3847 1320 3909 Amerino,
1375 3862 1416 3896 c.
1455 3859 1534 3907 24.
1577 3846 1791 3895 Minime
1825 3846 1977 3912 igitur
2011 3847 2252 3896 assentior
2288 3847 2569 3914 Chantepie
2603 3850 2668 3900 de
2701 3851 2751 3900 la

501 3937 758 4001 Saussaye,
794 3938 978 3987 dicenti
1013 3939 1602 4006 (Religionsgeschichte,
1640 3939 1885 4003 Freiburg
1921 3938 1953 3988 i.
1979 3939 2049 3988 -Β,
2093 3938 2345 4002 1889,-11,
2374 3943 2518 4002 174):
2551 3941 2653 4000 „Es
2688 3943 2750 3992 ist

499 4045 630 4093 ganz
661 4029 892 4093 vei-fehlt,
925 4046 1072 4080 wenn
1105 4046 1222 4079 man
1255 4031 1340 4081 die
1369 4031 1617 4096 objective
1649 4031 1823 4080 Macht
1840 4031 1930 4080 der
1946 4029 2228 4094 gottlichen
2253 4031 2431 4092 Strafe,
2450 4031 2534 4081 die
2553 4032 2749 4098 ErinyS,

499 4121 812 4186 verfltlchtigt
845 4138 904 4172 zu
939 4121 1076 4171 einer
1110 4122 1520 4172 Personification
1554 4122 1644 4172 des
1677 4121 1963 4171 strafenden
1998 4101 2311 4172 Gewissens:
2344 4123 2456 4172 eine
2491 4125 2743 4189 moderne,

503 4211 705 4262 sreilich
756 4215 914 4262 sehon
966 4213 1336 4278 euripideische
1387 4213 1704 4279 Auffassung‚
1754 4212 1838 4274 die
1872 4213 1987 4262 dem
2029 4213 2246 4278 Aeschyl
2278 4228 2407 4278 ganz
2440 4215 2600 4263 iremd
2634 4215 2751 4267 ist.”

503 4306 684 4371 Neque
719 4305 855 4354 enim
888 4306 1014 4354 haec
1049 4306 1222 4370 opinio
1257 4319 1430 4354 recens
1463 4311 1552 4371 est,
1587 4310 1639 4352 ut
1662 4305 1781 4370 ¹ipse
1816 4304 2007 4353 indicat
2040 4311 2191 4369 atque
2220 4321 2282 4354 ex
2302 4304 2560 4355 Ciceronis
2584 4308 2749 4357 verbis

501 4396 728 4463 efficitur,
743 4411 907 4462 neque
927 4397 1182 4461 Aeschylo
1199 4397 1387 4462 ignota,
1407 4413 1520 4446 cum
1541 4397 1722 4446 chorus
1742 4402 1915 4445 contra
1931 4396 2179 4446 dementis
2195 4396 2385 4446 Orestis
2401 4398 2554 4446 verba
2569 4407 2749 4464 poetae

501 4489 749 4556 exprimat
770 4496 988 4540 mentem
1011 4495 1058 4538 et
1077 4489 1288 4538 eandem
1312 4488 1532 4554 quidem,
1552 4504 1704 4554 quam
1723 4487 2001 4557 Chantepie
2020 4488 2083 4540 de
2104 4488 2153 4540 la
2180 4488 2232 4540 S.
2250 4488 2505 4556 Aeschylo
2523 4491 2747 4558 abrogat.
