3442 4975
1636 399 1720 478 89

566 613 570 620 ·
647 584 1132 667 Naegelsbach,
1183 585 1292 648 ubi
1342 585 1424 648 de
1467 585 1684 667 priore
1733 603 1802 646 re
1848 584 2004 666 agit,
2053 583 2239 660 dicit:
2284 581 2341 663 1)
2393 583 2563 658 „Die
2610 583 2800 646 Seele

505 702 672 764 ‘der
743 699 976 763 Gotter
1045 697 1218 763 steht
1286 721 1360 761 zu
1447 698 1651 760 ihrem
1729 697 1931 760 Leibe
2000 719 2213 781 genau
2287 701 2349 762 in
2418 699 2799 780 demselben

555 814 1004 900 Verbaltniss,
1039 815 1161 878 wie
1207 815 1314 877 die
1363 810 1833 887 menschliche,
1882 829 2010 874 nur
2027 813 2178 876 dass
2197 811 2285 876 sie
2309 833 2429 876 von
2454 813 2799 877 demselben

557 929 656 992 nie
725 929 1022 993 trennbar
1082 928 1205 1003 ist,·
1273 927 1376 990 die
1434 926 1732 1007 gbttliclze
1793 925 2202 990 -Leibliclzkeit
2259 925 2439 990 wird
2498 949 2619 990 von
2679 928 2802 991 den

565 1041 913 1122 Glc‘iubigen
994 1040 1396 1104 entscleieden·
1447 1040 1545 1102 als
1627 1017 1763 1103 bine
1842 1040 2199 1103 wesentlz‘clc
2271 1041 2804 1122 menschenartige

555 1155 905 1222 betraclztct.
995 1155 1086 1219 So
1154 1157 1237 1217 ist
1269 1171 1276 1176 ’
1305 1155 1398 1218 sie
1466 1175 1596 1218 von
1667 1154 1783 1216 der
1840 1152 2147 1236 epischen
2210 1155 2435 1218 Poesie
2481 1155 2639 1218 aller
2684 1154 2802 1218 fol-

557 1271 817 1352 genden
879 1270 1010 1332 und
1060 1267 1483 1332 insbesondere
1527 1268 1643 1334 der
1684 1267 2043 1348 tragzkchen
2088 1268 2455 1333 fiberliesert
2500 1269 2800 1345 worden3

559 1383 737 1447 nicht
784 1399 907 1447 nur
953 1384 1061 1447 die
1107 1383 1353 1448 andern
1381 1383 1615 1448 Gotter
1659 1382 1980 1465 sprechen
2029 1384 2162 1446 und
2208 1382 2494 1447 handeln
2540 1383 2659 1448 aus
2686 1384 2804 1447 der

561 1496 811 1575 Biihne‚
859 1497 1148 1560 sondern
1191 1497 1568 1580 Aeschylus
1610 1496 1679 1560 -in
1728 1498 1844 1561 der
1890 1497 2345 1580 Psychostasie
2391 1507 2568 1580 wagt
2612 1518 2807 1580 sogar

557 1614 662 1678 die
737 1613 1045 1705 Majestat
1111 1612 1230 1675 des
1299 1613 1472 1676 Zeus
1535 1595 1658 1676 auf
1706 1613 1861 1676 dem
1924 1622 2379 1696 sogenannten-
2420 1608 2803 1688 Osozoyaerov

559 1730 686 1793 den
759 1727 1184 1792 Zuschauern
1240 1726 1704 1794 vorzufiihren.
1741 1775 1755 1790 .
1785 1725 1859 1791 .”
1932 1727 2021 1813 Et
2064 1747 2218 1791 sane
2264 1735 2417 1800 sunt
2462 1726 2647 1820 multi
2692 1727 2804 1804 dii,

559 1844 670 1925 qui
744 1844 808 1906 in
877 1862 1114 1904 scaena
1179 1850 1517 1923 apparent,
1555 1877 1561 1880 -
1593 1861 1672 1917 „a
1743 1839 1902 1904 Iove
1971 1839 2243 1923 Optimo
2306 1839 2675 1917 Maximo'''‚
2736 1848 2807 1903 ut

565 1956 838 2040 Haymii
891 1955 1127 2018 ‘verbis
1201 1965 1363 2030 utar,
1415 1955 1476 2037 2)
1529 1975 1808 2037 ..,usque
1874 1954 1957 2017 ad
2030 1954 2382 2037 Nymphas
2449 1955 2804 2018 maritimas

559 2070 816 2155 aliaque
887 2069 1146 2135 infimae
1189 2071 1409 2135 ‘sortis
1471 2066 1779 2136 numina’'
1829 2069 2001 2152 (vide
2046 2069 2223 2151 apud
2275 2069 2637 2152 Haymium
2686 2068 2806 2131 hos

562 2197 792 2248 omnes
839 2185 1002 2246 deos
1047 2185 1276 2247 ordine
1321 2185 1663 2266 expositos
1706 2205 1773 2266 p.
1823 2182 2136 2264 234-26).
2195 2219 2199 2224 ·

624 2299 890 2390 ''Neque
937 2299 1160 2382 negari
1207 2305 1424 2379 potest
1458 2296 1632 2375 ‘haec
1671 2299 1889 2363 divina
1916 2314 2191 2378 corpora
2217 2296 2371 2368 nihil
2398 2295 2481 2361 ab
2504 2295 2809 2358 humanis

561 2411 945 2496 corporibus
975 2411 1257 2479 ‘differre
1303 2411 1526 2487 videri,
1597 2432 1749 2476 nam
1797 2412 2027 2476 eadem
2076 2431 2244 2495 quae
2290 2409 2809 2482 hominibusest

561 2528 792 2605 forma,
812 2528 1047 2592 eodem
1075 2536 1346 2591 utuntur
1370 2534 1693 2604 sermone,
1721 2528 1877 2610 quin
1905 2528 2103 2591 etiam
2128 2527 2211 2589 de
2237 2527 2459 2590 divino
2486 2526 2807 2609 sanguine

560 2659 775 2703 sermo
845 2648 944 2703 est
1012 2638 1218 2724 (Sept.
1278 2641 1418 2717 128,
1492 2638 1791 2723 Choeph.
1852 2656 1967 2722 105
1984 2652 2039 2723 5,
2106 2640 2488 2722 Eum.‘89)‚
2535 2648 2809 2722 possunt

559 2755 841 2837 denique
903 2743 1016 2817 dii‘
1054 2775 1205 2817 cum
1264 2754 1518 2818 seminis
1564 2757 2110 2819 consuetudinem
2160 2755 2405 2818 habere
2452 2756 2809 2837 (memento

561 2870 656 2946 10,
743 2867 1202 2953 Cassandram)
1277 2878 1345 2933 et
1411 2870 1504 2931 sic
1563 2870 1692 2932 alia
1784 2871 2154 2952 permulta⁴
2201 2871 2331 2935 huc
2422 2870 2811 2953 pertinentia

560 2983 801 3047 adduci
834 2996 840 3001 '
871 2982 1043 3048 hau'd
1118 2981 1377 3045 difficile
1446 2992 1636 3045 esset.
1730 2981 1864 3045 Sed
1930 2985 2245 3047 memoria
2304 2984 2667 3047 tenendum
2714 2991 2811 3045 est

540 3095 666 3158 -hic
735 3116 892 3158 non·
934 3104 1068 3158 tam
1140 3095 1587 3178 quaerendum
1655 3115 1824 3172 esse,
1896 3096 2232 3177 possintne
2302 3096 2388 3159 dii
2450 3094 2809 3171 humanam

560 3211 838 3273 sormam
869 3209 1156 3286 induere,
1183 3229 1383 3290 quam
1409 3208 1571 3272 hoc:
1620 3229 1897 3272 annon
1945 3209 2061 3271 dii
2111 3208 2324 3272 hanc
2370 3208 2811 3272 humanam

563 3324 911 3387 formam
981 3323 1400 3405 deponere
1470 3322 1599 3385 vel
1660 3324 1841 3409 sine
1899 3344 1987 3385 ea
2033 3322 2405 3405 cogitari
2452 3312 2810 3411 possint.

564 3438 741 3501 Nam
785 3437 914 3500 hoc
961 3438 1011 3498 si
1045 3437 1141 3499 ab
1191 3436 1532 3519 Aeschylo
1583 3436 1912 3500 interdum
1959 3437 2091 3500 fieri
2138 3446 2498 3520 appareret,
2548 3457 2810 3500 summo

561 3554 700 3615 iure
767 3552 918 3614 inde
986 3532 1392 3614 efficeremus
1463 3560 1847 3615 concretum
1908 3572 2148 3634 corpus
2210 3572 2342 3614 non
2391 3551 2475 3614 ad
2522 3550 2811 3614 divinam

561 3677 860 3730 naturam
905 3668 1248 3748 pertinere.
1300 3665 1502 3747 Quod
1547 3667 1745 3729 etiam
1796 3663 2254 3749 Naegelsbach
2292 3664 2630 3741 intellexit,
2656 3684 2810 3727 cum

561 3787 780 3842 tamen
850 3782 907 3841 ei
979 3779 1256 3841 deorum
1328 3798 1606 3861 corpora
1674 3778 1852 3861 apud
1916 3776 2332 3859 Aeschylum
2396 3778 2479 3841 ad
2526 3777 2812 3840 divinam

531 3878 858 3956 'naturam
929 3891 1262 3955 reserenda
1332 3912 1474 3954 esse
1543 3891 1938 3969 viderentur,
2002 3912 2133 3958 non
2196 3892 2515 3955 dubitavit
2562 3891 2814 3953 dicere:

567 4027 729 4083 „nur
794 4007 942 4069 dass
991 4008 1082 4069 sie
1128 4006 1257 4089 (die
1305 4005 1493 4069 Seele
1539 4005 1701 4090 scil.)
1751 4026 1882 4068 von
1930 4005 2310 4068 demselben
2359 4005 2536 4087 (dem
2585 4004 2814 4085 Leibe)

564 4120 664 4184 nie
708 4122 1009 4185 trennbar
1047 4116 1189 4183 ist.'’
1285 4118 1380 4181 At
1447 4128 1664 4182 exstat
1726 4120 1905 4201 apud
1966 4117 2383 4202 Aeschylum
2433 4118 2814 4200 exemplum

564 4224 891 4319 (quamvis
939 4235 1325 4316 indignum),
1377 4232 1604 4296 Iovem
1654 4253 1864 4307 suam,
1910 4234 2189 4314 siquam
2218 4231 2506 4309 haberet,
2535 4232 2814 4295 sormam

637 4409 681 4473 1)
718 4408 1027 4457 Nach-hom.
1063 4406 1246 4457 Theol.
1279 4424 1330 4471 p.
1371 4420 1413 4456 1.

636 4486 686 4554 2)
721 4488 784 4538 R.
823 4488 1012 4552 Haym,
1050 4488 1130 4537 De
1167 4502 1332 4536 rerum
1366 4486 1525 4536 divin.
1559 4486 1691 4551 apud
1730 4486 2035 4550 Aeschylum
2070 4485 2378 4547 conditione,
2410 4500 2461 4548 p.
2500 4498 2579 4547 23.
