3442 4975
1575 409 1692 476 143

770 589 1040 670 ναύτῃσι
1096 589 1346 665 θερμοῖς
1396 585 1501 644 καὶ
1554 581 1917 663 πανουργίᾳ
1965 584 2095 643 τινὶ

770 698 1306 782 ὄλωλενὰνδρῶν
1348 701 1466 762 σύν
1515 699 1903 778 θεοπτύστῳ
1953 694 2137 775 γένει,

773 818 815 894 ἤ
858 812 974 887 ξύν
1022 810 1314 884 πολίταις
1359 809 1666 892 ἀνδράσιν
1714 809 1952 883 δίκαιος
2000 810 2087 871 ὢν

771 925 1166 1010 ἐχθροξένοις
1211 950 1279 988 τε
1329 928 1434 987 καὶ
1482 927 1656 986 θεῶν
1704 924 2059 1006 ἀμνήμοσιν

774 1041 1011 1107 ταύτοῦ
1061 1047 1332 1124 κυρήσας
1381 1037 1637 1114 ἐκδίκως
1683 1038 2097 1123 ἀγρεύματος,

778 1154 1038 1238 πληγεὶς
1083 1161 1238 1219 θεοῦ
1285 1158 1541 1235 μάστιγι
1592 1155 1915 1234 παγκοίνῳ
1963 1150 2170 1234 ’δάμη

776 1269 977 1343 οὕτως
1024 1268 1081 1332 δ’
1127 1272 1164 1332 o‘
1197 1272 1446 1350 μάντις,
1499 1270 1638 1330 υἱὸν
1691 1265 1984 1341 Οἰκλέους
2032 1264 2214 1345 λέγω,

775 1387 1038 1467 σώφρων
1086 1383 1325 1457 δίκαιος
1373 1384 1625 1463 ἀγαθὸς
1677 1383 1934 1466 εὐσεβὴς
1982 1381 2165 1463 ἀνήρ,

777 1498 966 1579 μέγας
1016 1505 1363 1582 προφήτης,
1413 1497 1720 1560 ἀνοσίοισι
1772 1498 2093 1578 συμιιιγεὶς

780 1615 1319 1695 θρασυστόμοισιν
1368 1610 1676 1694 ἀνδράσιν
1726 1610 1841 1696 βίᾳ
1886 1612 2127 1692 φρενῶν

783 1727 1054 1792 τείνουσι
1104 1729 1369 1808 πομπὴν
1420 1729 1536 1806 τὴν
1583 1728 1833 1809 μακρὰν
1881 1721 2083 1786 πάλιν
2130 1721 2365 1803 μολεῖν,

783 1841 935 1914 Διὸς
982 1837 1288 1914 θέλοντος
1337 1837 2085 1919 συγκαθελκυσθήσεται.

611 1979 741 2041 Hic
797 2000 930 2041 non
979 2000 1146 2060 opus
1191 1987 1292 2042 est
1338 1977 1715 2041 huiusmodi
1763 1979 2113 2041 sententias
2160 1998 2247 2038 ex
2294 1975 2506 2039 Sacris
2558 1976 2769 2039 Libris

519 2093 768 2171 afferre,
841 2095 1078 2176 quibus
1151 2095 1473 2179 Aeschyli
1547 2097 1924 2178 opinionem
1996 2094 2362 2169 defendam,
2411 2115 2559 2157 nam
2608 2093 2771 2156 haec

524 2208 662 2269 eius
733 2208 956 2290 opinio
1030 2210 1255 2272 nititur
1329 2208 1546 2284 rebuS,
1596 2230 1763 2292 quae
1812 2230 2035 2272 revera
2080 2208 2456 2270 acciderunt
2499 2217 2564 2270 et
2609 2228 2773 2289 quas

523 2341 644 2382 nos
690 2342 922 2384 omnes
968 2343 1163 2404 saepe
1207 2323 1504 2385 accidere
1549 2322 1872 2399 videmuS‚
1938 2322 2004 2384 id
2053 2321 2235 2403 quod
2283 2322 2570 2384 maxime
2616 2341 2771 2382 con·

525 2444 651 2498 stat
745 2435 827 2499 de
897 2436 1194 2513 miseriiS,
1286 2435 1524 2521 quibus
1593 2436 1765 2501 bella
1833 2435 2115 2520 populos
2185 2436 2465 2499 obruere
2536 2432 2769 2497 solent.

529 2548 767 2632 Cogita
833 2552 1026 2613 etiam
1097 2550 1177 2612 de
1244 2552 1562 2633 corruptis
1631 2551 1943 2627 moribuS,
2015 2546 2124 2633 qui
2186 2551 2272 2613 ab
2318 2549 2647 2613 sceleratis
2694 2569 2771 2611 ac

525 2663 779 2726 nefariis
849 2664 1143 2746 patribus
1209 2664 1600 2727 familiarum
1671 2664 1889 2727 liberis
1958 2660 2323 2740 traduntur,
2392 2683 2642 2745 eosque
2710 2664 2772 2724 in

523 2777 875 2859 perniciem
901 2775 1186 2840 trahunt.
1235 2776 1434 2840 Locis
1461 2778 1658 2860 igitur
1683 2779 1887 2841 modo
1912 2777 2446 2840 commemoratis
2472 2775 2775 2859 Aeschy-

526 2891 627 2954 lus
675 2890 833 2953 nihil
879 2892 995 2954 nisi
1043 2910 1120 2954 ea
1165 2892 1407 2965 statuit,
1456 2911 1627 2973 quae
1673 2901 1973 2974 tempora
2013 2892 2359 2973 praeterita
2396 2910 2549 2952 eum
2576 2890 2774 2952 docu-

526 3015 734 3082 erunt,
785 3026 984 3087 quam
1031 3004 1117 3068 ob
1167 3025 1303 3067 rem
1355 3003 1524 3084 Sept.
1577 3006 1700 3083 587
1730 3002 1905 3089 (vide
1929 3009 2145 3085 supra)
2174 3004 2460 3086 perfecto
2488 2998 2775 3086 (ὄλωλεν)

532 3140 689 3180 usus
737 3118 926 3199 est'1)
971 3138 1292 3200 versuque
1337 3130 1453 3198 591
1488 3119 1734 3180 aoristo
1760 3118 2066 3199 gnomico
2093 3114 2364 3200 (εδάμη).
2414 3116 2778 3199 Autigitur

534 3250 763 3292 omnes
832 3230 1164 3308 falluntur,
1236 3233 1346 3314 qui
1395 3253 1498 3295 res
1546 3240 1610 3295 et
1654 3232 1823 3296 sacta
1869 3231 2158 3294 humana
2207 3241 2378 3293 recte
2425 3231 2774 3293 observare

533 3342 745 3406 solent
825 3353 1022 3427 atque
1105 3342 1530 3408 nihilominus
1605 3346 1847 3422 Deum,
1917 3346 2137 3407 omnia
2209 3364 2467 3406 summa
2536 3341 2778 3405 iustitia

533 3456 1026 3539 gubernantem,
1074 3461 1366 3538 credunt,
1412 3468 1527 3523 aut
1570 3480 1697 3522 non
1748 3468 1864 3535 est,
1914 3479 2031 3520 cur
2068 3457 2473 3541 Aeschylum
2500 3467 2777 3540 quantu-

533 3571 892 3656 laecunque
939 3574 1254 3637 adversus
1301 3595 1497 3637 suum
1545 3575 1743 3637 deum
1790 3574 2139 3656 impietatis
2188 3573 2585 3635 incusemus,
2626 3571 2689 3653 2)

605 3832 648 3898 1)
693 3832 1017 3882 Grammatici
1051 3832 1255 3897 quidem
1288 3833 1472 3882 docent
1507 3832 1646 3881 verbi
1681 3832 1862 3881 Graeci
1898 3831 2171 3897 perfectum
2209 3846 2309 3879 non
2349 3838 2541 3895 tempus
2576 3836 2776 3893 praete—

531 3925 682 3974 ritum
715 3925 803 3973 sed
837 3940 1071 3989 praesens
1105 3924 1402 3989 significare,
1439 3924 1528 3972 sed
1563 3924 1661 3971 hoc
1697 3924 1766 3971 ita
1802 3922 2194 3988 intellegendum
2232 3928 2320 3982 est,
2377 3927 2429 3969 ut
2461 3921 2523 3969 sit
2557 3921 2689 3969 actio
2728 3921 2780 3969 in

533 4018 780 4079 praesenti
812 4021 1036 4080 tempore
1067 4017 1286 4079 perfecta
1319 4022 1466 4079 atque
1501 4014 1746 4072 absoluta,
1782 4029 1932 4077 quam
1963 4014 2029 4061 ob
2062 4029 2167 4061 rem
2185 4011 2316 4060 actio
2336 4012 2507 4075 aliqua
2524 4012 2785 4060 antecedat

535 4120 736 4154 necesse
768 4112 856 4154 est.
926 4106 989 4154 In
1022 4105 1242 4170 perfecto
1277 4106 1472 4154 Graeco
1508 4105 1660 4169 igitur
1694 4120 1927 4169 praesens
1962 4110 2158 4169 tempus
2191 4118 2304 4153 cum
2342 4103 2610 4167 praeterito
2646 4110 2781 4152 tem-

535 4212 659 4259 pore
695 4196 945 4247 cohaeret.

604 4286 653 4352 2)
691 4288 836 4336 Haec
870 4288 1060 4353 opinio,
1096 4288 1252 4337 alium
1287 4304 1508 4354 peccare,
1543 4288 1696 4337 alium
1732 4303 1947 4354 poenam
1982 4286 2191 4351 solvere,
2227 4288 2355 4337 adeo
2390 4288 2544 4335 totius
2580 4286 2779 4351 generis

535 4380 743 4428 humani
797 4380 998 4445 propria
1047 4388 1136 4442 est,
1188 4387 1240 4429 ut
1291 4382 1423 4445 apud
1460 4394 1635 4429 omnes
1672 4380 1774 4429 sere
1809 4377 2022 4444 populos
2057 4379 2289 4442 antiquos
2323 4379 2557 4427 homines
2593 4378 2783 4426 hostias

535 4487 623 4519 sua
673 4478 880 4535 peccata
933 4471 1105 4520 luendi
1157 4487 1307 4520 causa
1343 4472 1602 4520 immolare
1638 4471 1836 4535 diisque
1873 4470 2049 4519 offerre
2087 4471 2365 4520 videamus,
2439 4471 2552 4518 Hae
2589 4470 2780 4517 hostiae
