3442 4975
1564 384 1686 445 149

853 549 1231 634 Ἐτεοκλέης
1279 554 1360 618 ἂν
1409 548 1491 625 εἷς
1539 549 1739 625 πολύς
1786 546 1955 614 κατὰ
2004 551 2232 618 πτόλιν
2292 573 2296 578 ’

850 667 1106 746 ὑμνοῖθ’
1153 669 1268 730 ὑπ’
1319 665 1534 728 οἰστῶν
1583 667 1889 746 φροιμίοις
1938 663 2358 750 πολυρρόθοις

854 781 1240 861 οἶμὼγμασίν
1291 780 1380 858 θ’,
1430 765 1518 845 ὧν
1563 782 1720 852 Ζεύς
1768 776 2172 863 ἀλεξητήριος

851 895 1181 974 ἐπώνυμος
1227 891 1472 970 γένοιτο
1521 889 1869 971 Καδμείων
1920 890 2121 954 πόλει.
2182 895 2237 978 1)

580 1009 744 1072 Loci
792 1017 1034 1087 autem,
1083 1009 1195 1093 qui
1243 1009 1349 1071 dei
1376 1007 1887 1071 misericordiam
1912 1016 2254 1086 testantur,
2281 1009 2737 1092 multoplures

495 1132 867 1189 occurrunt.
961 1122 1288 1188 Omnibus
1345 1124 1539 1198 enim,
1590 1122 1702 1205 qui
1752 1123 1816 1184 in
1862 1123 2169 1205 periculis
2214 1132 2386 1202 sunt,
2434 1125 2754 1188 omnibus

494 1238 939 1302 laborantibus
1009 1246 1074 1301 et
1143 1236 1645 1319 implorantibus
1692 1236 1853 1299 deus
1901 1245 1964 1300 et
2011 1237 2149 1320 ipse
2196 1238 2501 1302 subvenit
2548 1249 2613 1302 et
2656 1239 2741 1302 ab

493 1352 873 1416 hominibus
920 1351 1249 1415 subveniri
1295 1351 1454 1416 vult.

583 1467 717 1549 Qui
788 1485 870 1529 ex
930 1466 1237 1548 periculis
1283 1474 1649 1544 evaserunt,
1695 1485 1734 1527 a
1782 1464 1909 1528 deo
1958 1468 2195 1529 servati
2244 1487 2387 1530 esse
2434 1469 2743 1530 dicuntur

492 1581 731 1661 Agam.
784 1582 1155 1661 579—582.
1205 1578 1680 1662 Clytaemestra
1729 1581 1905 1642 enim
1953 1579 2082 1642 hoc
2130 1579 2277 1642 loco
2324 1589 2557 1662 rogat:

1827 1695 1891 1754 τί
1935 1695 2055 1773 γὰρ

881 1809 1134 1884 γυναικὶ
1184 1801 1417 1868 τούτου
1464 1806 1682 1886 φέγγος
1732 1804 1905 1886 ἣδιον
1952 1804 2227 1888 δρακεῖν,

891 1921 1022 1981 ἀπὸ
1071 1921 1416 2002 στρατείας
1462 1918 1665 2002 ἄνδρα
1713 1923 2034 1993 σώσαντος
2085 1927 2237 1983 θεοῦ

894 2031 1106 2108 πτίλοις
1152 2033 1436 2110 οἷνοῒξαις

490 2159 555 2212 et
602 2151 665 2211 in
713 2149 991 2212 eandem
1038 2150 1426 2213 sententiam
1474 2149 1767 2232 loquitur
1811 2171 2052 2232 praeco
2099 2150 2283 2237 (ibid.
2332 2150 2734 2233 639—641):

809 2267 975 2344 ἡμᾶς
1019 2285 1086 2342 γε
1133 2263 1249 2342 μὲν
1298 2261 1374 2342 δὴ
1423 2273 1586 2328 ναῦν
1638 2261 1710 2324 τ”
1745 2261 2064 2343 ἀκήρατον
2112 2269 2347 2343 σκάφος

799 2381 936 2457 ἤτοι
987 2401 1084 2449 τις
1135 2375 1473 2459 ἐξέκλεψεν
1525 2381 1560 2459 ἡ
1606 2377 1947 2463 ’ξῃτήσατο

813 2496 960 2565 θεὸς
1006 2516 1125 2571 τις,
1173 2490 1284 2554 οὐκ
1330 2495 1701 2575 ἄνθρωπος,
1752 2490 1963 2565 οἴακος
2013 2493 2235 2569 θιγών.

576 2607 794 2689 Quam
841 2608 928 2670 ob
979 2628 1116 2671 rem
1163 2610 1342 2685 Ζεύς,
1390 2608 1495 2670 cui
1544 2608 1845 2672 homines
1887 2629 1959 2670 se
1983 2628 2170 2670 suam
2197 2607 2473 2671 salutem
2499 2607 2738 2670 debere

493 2720 695 2805 vulgo
742 2724 1037 2800 credunt,
1083 2718 1521 2803 ἀλεξητήριος,·
1557 2722 1596 2784 i.
1645 2742 1701 2786 e.
1740 2723 1902 2785 deu‘s
1941 2743 2339 2786 averruncus
2368 2724 2736 2785 nominatur

495 2835 691 2918 (Sept.
766 2837 828 2919 8)
900 2846 964 2899 et
1033 2840 1241 2919 σωτήρ
1291 2837 1390 2918 2),
1437 2838 1542 2899 cui
1593 2840 1873 2917 σωτῆρος
1920 2838 2299 2919 cognomini
2347 2837 2735 2920 plerumque

492 2951 753 3013 additur
800 2972 938 3013 vox
983 2949 1193 3031 τρίτος
1246 2951 1332 3033 3).

576 3066 738 3127 Item
787 3067 946 3137 Ζεύς
992 3074 1088 3129 est
1133 3075 1448 3148 patronus
1493 3067 1991 3148 peregrinorum
2040 3074 2104 3127 et
2149 3064 2507 3147 hospitum,
2535 3086 2734 3147 quam

490 3177 578 3239 ob
625 3198 762 3240 rem
809 3179 1004 3241 etiam
1051 3176 1248 3252 ξένιος
1293 3178 1678 3261 appellatur,
1727 3198 1783 3241 e.
1833 3199 1930 3259 gr.
1986 3177 2359 3257 Agam.61‚
2387 3196 2538 3259 349,
2566 3195 2731 3259 720;

492 3290 710 3372 Suppl.
756 3290 909 3373 607,
956 3286 1109 3372 642'.

560 3529 604 3595 1)
658 3529 812 3592 Quod
862 3536 1034 3578 contra
1091 3530 1293 3593 Xerxes,
1330 3529 1372 3577 si
1407 3545 1484 3578 res
1518 3529 1726 3578 feliciter
1760 3529 2041 3588 succedant,
2076 3529 2153 3579 vir
2188 3529 2498 3579 admirabilis
2532 3530 2732 3592 dicitur,

485 3622 630 3670 rebus
665 3628 832 3670 tamen
867 3620 1092 3669 adversis
1126 3620 1308 3669 rationi
1341 3619 1625 3669 reddendae
1660 3634 1761 3667 non
1797 3619 2048 3669 obnoxius
2084 3619 2245 3681 (Pers.
2282 3618 2595 3685 211—214):

1357 3700 1417 3763 εὖ
1453 3713 1558 3779 γὰρ
1593 3711 1729 3771 ἰ’στε,
1766 3721 1896 3769 παῖς
1933 3713 2054 3771 ἐμὸς
2220 3699 2225 3703 ι

884 3806 1094 3872 πράξας
1127 3805 1227 3865 μὲν
1264 3792 1324 3855 εὖ
1363 3806 1684 3864 θαυμαστὸς
1721 3803 1789 3852 ἂν
1827 3805 2021 3868 γένοιτ’
2059 3804 2215 3871 ἀνήρ,

889 3900 1053 3955 κακῶς
1090 3896 1156 3945 δὲ
1192 3896 1402 3964 πράξας
1438 3896 1527 3944 οὐκ
1566 3896 1879 3953 ὑπεύθυνος
1916 3894 2106 3955 πόλει,”·

890 3990 1085 4047 σωθεὶς
1121 3988 1177 4037 δ’
1211 3986 1392 4048 ὁμοίως
1427 3987 1598 4051 ’τῆσδε
1638 3995 1871 4054 κοιρανεῖ
1901 3987 2123 4053 χθονός,

481 4082 697 4147 primum
748 4081 992 4131 memoria
1041 4082 1312 4131 tenendum
1366 4088 1455 4143 est,
1510 4081 1634 4129 haec
1685 4080 1838 4129 verba
1890 4081 1955 4128 ab
1991 4080 2171 4129 Xerxis
2205 4088 2360 4130 matre
2395 4081 2511 4145 dici,
2544 4082 2729 4132 deinde

479 4175 728 4240 principes
779 4174 1039 4224 Persarum
1090 4172 1296 4222 deorum
1343 4173 1459 4222 loco
1511 4173 1704 4231 haberi,
1752 4180 1803 4221 ut
1838 4173 2034 4221 Dareus
2070 4178 2117 4221 et
2154 4173 2345 4221 Xerxes
2379 4172 2475 4237 ipsi
2510 4189 2539 4221 a
2573 4174 2729 4223 choro

480 4268 554 4316 dii
579 4268 898 4332 appellantur
920 4266 986 4332 (v.
1011 4277 1130 4330 157:
1171 4266 1306 4315 θεοῦ
1323 4265 1423 4325 μὲν
1445 4266 1728 4332 εὐνήτειρα
1746 4264 1991 4332 Περσῶν,
2016 4266 2151 4313 θεοῦ
2172 4264 2234 4313 δὲ
2259 4267 2345 4312 καὶ
2364 4267 2542 4331 μήτηρ
2567 4266 2727 4331 ἔφυς).

547 4357 598 4425 2)
635 4358 836 4423 Fragm.
871 4357 1055 4423 Engzz
1099 4360 1274 4424 τρίτον
1311 4358 1439 4415 Διὸς
1477 4364 1705 4424 σωτῆρος
1743 4357 1998 4407 εὐκταίαν
2036 4356 2189 4415 λίβα.

546 4450 598 4516 3)
629 4449 761 4499 Vide
793 4466 843 4515 p.
878 4463 960 4513 30,
994 4456 1163 4498 annot.
1197 4449 1270 4500 11.
