3442 4975
1760 442 1795 503 2

643 622 764 692 bus
846 623 1146 693 homines
1231 628 1405 691 diem
1487 627 1711 691 salutis
1798 630 1927 691 iam
1997 632 2632 713 appropinquantem
2706 628 2891 714 quasi

638 744 1138 826 praesagiebant
1195 745 1273 826 ι),
1321 765 1474 807 cum
1521 742 1985 820 AthenienseS,
2024 765 2203 807 aram
2232 754 2591 810 statuerant
2614 748 2892 829 „Ignoto

641 854 856 935 Deo,’'
925 858 1197 939 perinde
1264 878 1341 920 ac
1401 858 1452 919 si
1514 857 1597 919 de
1658 856 1784 919 diis
1832 878 1870 919 a
1915 857 2209 939 patribus
2256 860 2537 941 acceptis
2585 859 2886 941 despera-

640 979 781 1033 rent
795 997 813 1059 5
861 992 1011 1033 cum
1060 971 1396 1053 Vergilius
1443 969 1625 1033 illam
1671 969 2181 1052 pulcherrimam
2230 971 2552 1053 eclogam,
2587 982 2885 1055 quartam

639 1083 808 1160 dico,
856 1085 1115 1166 scripsit
1162 1083 1228 1169 2)
1280 1101 1358 1129 —'
1409 1082 1510 1145 his
1558 1082 1761 1166 igitur
1804 1084 2207 1166 temporibus
2232 1087 2523 1168 exceptis
2550 1106 2887 1168 nunquam

641 1198 871 1262 Graeci
941 1199 1150 1280 magis
1219 1205 1561 1260 senserunt
1628 1196 1830 1260 deum
1900 1196 2187 1279 aliquem
2260 1219 2425 1276 esse,
2491 1200 2602 1281 qui
2667 1200 2889 1263 omnia

635 1312 1050 1393 gubernaret,
1099 1330 1432 1394 nunquam
1478 1310 1686 1392 pietas
1733 1332 1890 1392 erga
1934 1312 2098 1373 deos
2147 1314 2357 1395 magis
2406 1312 2644 1390 floruit,
2685 1334 2884 1396 quam

638 1428 712 1487 iis
768 1426 1197 1507 temporibuS,
1245 1445 1398 1487 cum
1450 1423 1713 1487 Graecis
1762 1433 1899 1487 erat
1947 1446 2097 1488 cum
2147 1426 2360 1489 Persis
2408 1427 2884 1506 dimicandum,

636 1540 898 1621 iamque
945 1540 1009 1601 in
1056 1559 1137 1602 eo
1184 1547 1340 1614 erat,
1389 1548 1460 1602 ut
1503 1539 1711 1621 patria
1757 1539 1835 1601 iis
1883 1540 2258 1622 eriperetur,
2309 1541 2431 1623 ipsi
2480 1551 2701 1606 autem
2730 1563 2882 1605 cum

638 1652 1019 1716 mulieribus
1088 1662 1154 1716 et
1220 1653 1438 1716 liberis
1485 1654 1791 1716 servitute
1838 1655 2380 1735 opprimerentur,
2432 1656 2551 1718 nisi
2603 1666 2881 1721 mortem

635 1764 788 1828 huic
861 1766 1035 1830 malo
1095 1766 1519 1849 praeferrent.
1615 1748 1868 1849 Neque
1926 1768 2098 1829 unde
2171 1766 2298 1830 hoc
2360 1768 2606 1831 factum
2671 1769 2773 1846 sit,
2819 1770 2883 1832 in

634 1879 839 1943 dubio
906 1889 1024 1943 est.
1093 1880 1532 1961 Temporibus
1604 1881 1780 1942 enim
1852 1881 1948 1955 iis,
2021 1880 2260 1963 quibus
2324 1882 2530 1946 multa
2575 1882 2883 1945 terribilia

579 1992 815 2071 ·fiunt,
887 2014 1054 2076 quae
1122 1992 1419 2056 homines
1488 2002 1761 2075 angunt,
1829 1993 1961 2056 sere
2031 2013 2261 2056 omnes
2329 1994 2413 2057 ad
2465 1994 2685 2057 Deum
2737 2016 2881 2078 per-

630 2107 856 2189 fugere
924 2117 988 2171 et
1057 2108 1141 2170 ab
1211 2128 1290 2170 eo
1360 2106 1636 2169 salutem
1706 2116 1929 2189 petere
1988 2107 2221 2184 solent,
2273 2117 2344 2171 ut
2388 2129 2445 2171 e.
2494 2130 2594 2191 gr.
2644 2118 2880 2172 nautae

633 2241 873 2303 magna
937 2230 1324 2303 tempestate
1388 2234 1615 2285 coorta
1684 2221 1748 2281 in
1796 2228 2098 2283 extremo
2144 2222 2319 2283 vitae
2363 2222 2675 2303 periculo,
2726 2222 2878 2285 licet

632 2357 970 2419 nunquam
1016 2345 1206 2400 antea
1251 2337 1473 2399 Deum
1520 2336 1987 2413 invocaverint,
2037 2335 2159 2397 nisi
2207 2336 2273 2397 in
2297 2337 2879 2414 exsecrationibus,

630 2451 694 2513 in
766 2450 915 2514 Deo
961 2451 1218 2514 unicam
1266 2470 1450 2532 spem
1496 2458 1753 2532 ponunt
1800 2448 2299 2533 humillimeque
2338 2448 2420 2513 ab
2469 2470 2547 2512 eo
2600 2450 2879 2515 salutem

625 2573 970 2649 precantur
1019 2565 1104 2646 3).
1162 2565 1380 2627 Huius
1426 2573 1646 2627 autem
1693 2556 2097 2628 Graecorum
2145 2565 2210 2626 id
2258 2565 2569 2646 temporis
2614 2563 2872 2645 pietatis

626 2802 818 2868 scripsit
868 2803 1086 2852 Retract.
1129 2802 1172 2864 Ι,
1213 2813 1299 2864 13:
1351 2801 1488 2861 „Res
1520 2800 1642 2866 ipsa,
1678 2816 1805 2865 quae
1840 2816 1973 2849 nunc
2008 2801 2183 2865 religio
2220 2800 2502 2850 Christiana
2537 2807 2871 2866 nuncupatur,

627 2902 733 2943 erat
783 2895 916 2960 apud
966 2893 1230 2958 antiquos”
1282 2919 1349 2930 —-
1382 2899 1430 2941 et
1475 2907 1601 2957 quae
1635 2900 1917 2956 sequuntur.
1988 2891 2129 2940 Alias
2164 2891 2414 2941 eiusmodi
2451 2892 2721 2941 sententias
2757 2892 2875 2940 vide

625 2987 866 3036 collectas
914 2987 978 3034 ab
1016 2985 1074 3035 E.
1109 3002 1157 3035 v.
1195 2985 1423 3044 Lasaulx,
1459 2972 1598 3032 Uber
1631 2984 1722 3032 das
1759 2984 1991 3033 Studium
2025 2984 2115 3032 der
2150 2983 2515 3032 Griechischen
2554 2984 2656 3032 und
2695 2984 2877 3033 Romi-

625 3079 778 3128 schen
830 3078 1184 3140 Alterthumer,
1221 3076 1492 3134 Munchen,
1541 3075 1689 3135 1846.
1719 3075 1851 3124 Vide
1885 3076 2037 3124 etiam
2071 3076 2129 3124 E.
2166 3074 2371 3139 Spiessii
2406 3075 2537 3140 Legi
2573 3076 2882 3139 Spermatici

629 3171 824 3236 (Leipz.
865 3168 1010 3234 1871)
1045 3167 1378 3234 prooemium.

698 3261 744 3328 ι)
777 3261 877 3312 Cfr.
917 3262 1006 3309 Dr.
1040 3261 1087 3325 J.
1123 3258 1348 3323 Woltjer‚
1385 3258 1586 3308 Pontius
1622 3259 1825 3318 Pilatus,
1860 3259 2195 3318 Amsterdam,
2237 3257 2381 3323 1888,
2416 3274 2466 3322 p.
2507 3269 2582 3322 15.

694 3353 743 3419 2)
779 3354 943 3402 Paene
978 3353 1150 3401 divine
1183 3358 1332 3400 sonat
1362 3367 1408 3399 v.
1433 3364 1459 3415 7
1482 3367 1492 3399 ε
1513 3350 1646 3410 „iam
1669 3366 1801 3398 nova
1823 3348 2089 3414 progenies
2107 3348 2248 3397 caelo
2266 3349 2537 3398 dimittitur
2554 3347 2705 3399 alto.’'
2744 3347 2874 3396 Vide

624 3455 790 3495 tamen
842 3447 906 3494 de
957 3446 1055 3494 hoc
1105 3445 1218 3492 loco
1269 3442 1560 3507 Vergiliano
1597 3443 1657 3491 E.
1695 3443 1896 3502 Manet,
1938 3441 2215 3490 Parallelen
2248 3457 2306 3489 zu
2342 3442 2441 3490 den
2479 3441 2875 3490 Messianischen

625 3537 1024 3600 Weissagungen
1058 3536 1162 3584 und
1197 3535 1372 3598 Typen
1408 3534 1495 3582 des
1531 3535 1682 3582 Alten
1719 3535 2037 3582 'l'estameuts
2070 3548 2159 3582 aus
2191 3533 2311 3581 dem
2336 3533 2696 3581 Ilellenischen
2716 3532 2877 3580 Alter·

622 3631 780 3686 thum,
817 3626 1024 3690 Leipzig
1058 3626 1307 3687 Teubner,
1348 3624 1490 3689 1875,
1526 3641 1576 3689 p.
1613 3626 1830 3688 89—91,
1864 3632 1912 3673 et
1950 3625 2041 3674 Dr.
2077 3625 2124 3689 J.
2163 3623 2391 3686 Woltjer,
2427 3623 2636 3671 Pontius
2673 3622 2874 3684 Pilatus,

625 3735 674 3784 p.
715 3717 926 3782 15—16.

689 3807 740 3874 3)
791 3809 910 3856 Hoc
961 3806 1214 3871 Aeschylo
1248 3821 1350 3854 non
1388 3805 1610 3869 ignotum
1647 3804 1797 3854 fuisse
1832 3811 2037 3870 apparet
2072 3821 2133 3854 ex
2170 3805 2314 3856 Pers.
2350 3804 2448 3870 (ed.
2484 3805 2548 3851 A.
2586 3803 2872 3865 Kirchhoff,

625 3898 808 3957 Berol.,
848 3896 993 3958 1880)
1029 3913 1112 3948 vv.
1147 3909 1447 3960 493—-4992

1625 3992 1777 4039 νυκτὶ
1814 3989 1866 4036 δ’
1908 3991 1966 4037 ἓν
2002 3991 2179 4054 ’ταύτῃ
2219 3990 2349 4046 θεὸς

1156 4082 1535 4149 χειμῶν’ἅωρον
1569 4068 1720 4150 ὦρσε,
1759 4085 2032 4148 πήγνυσιν
2070 4081 2133 4130 δὲ
2168 4084 2284 4130 πᾶν

1156 4175 1385 4242 ῥέεθρον
1422 4173 1591 4239 ἁγνοῦ
1628 4173 1959 4241 Στρυμόνος·
2000 4175 2167 4230 θεοὺς
2204 4173 2270 4220 δέ
2308 4191 2389 4229 τις

1153 4268 1213 4314 Γτὸ
1250 4269 1377 4334 πρὶν
1416 4270 1637 4328 νομίζων
1672 4266 1914 4326 οὐδαμοῖ·
1959 4265 2064 4313 τότ’
2105 4265 2301 4330 ηὔχετο

1155 4357 1373 4416 λιταῖσι,
1413 4367 1578 4422 γαῖαν
1613 4358 1840 4424 οὐρανόν
1885 4375 1939 4405 τε
1978 4359 2299 4422 προσκυνῶν.

1153 4451 1270 4497 ἐπεὶ
1307 4449 1370 4496 δὲ
1410 4447 1586 4496 πολλὰ
1627 4448 1935 4498 θεοκλυτῶν
1972 4448 2249 4496 ἐπαύσατο

1152 4541 1399 4606 στρατός,
1437 4544 1578 4606 περᾷ
1617 4539 2077 4605 κρυσταλλοπῆγα
2120 4537 2215 4585 διὰ
2251 4538 2415 4605 πόρον
