3442 4975
1642 425 1765 504 158

1651 635 1773 698 VI.

679 815 788 879 W.
860 813 1097 891 Christ,
1175 811 1418 876 Grieclc.
1484 811 2055 893 Litteraturgesclz..
2114 833 2179 896 p.
2256 829 2379 894 179
2440 834 2478 875 a
2523 834 2679 877 vero
2727 814 2837 876 ab·

590 928 844 1003 erravit,
913 928 1136 990 dicens
1210 927 1390 1002 „Der
1449 935 1712 1009 strenge
1760 926 2138 990 Aristokrat
2202 925 2609 1009 (Aeschylus
2672 927 2838 1008 scil)

591 1042 724 1105 und
767 1039 1133 1122 Anhzinger
1179 1041 1296 1102 der
1339 1040 1513 1103 alten
1561 1037 1911 1121 Ordnung,
1960 1060 2093 1102 war
2138 1039 2422 1104 ohnehin
2469 1041 2837 1104 verstimmt

588 1153 796 1217 durch
856 1154 986 1222 das
1041 1152 1566 1235 Umsichgreifen
1627 1153 1744 1215 der
1804 1151 2231 1216 Demokratie
2281 1154 2412 1217 und
2460 1155 2574 1216 der
2620 1153 2839 1236 sophi-

589 1268 871 1332 stischen
940 1268 1396 1351 Aufklzirung,
1458 1269 1558 1334 die
1602 1267 1737 1331 ihm
1781 1267 1881 1330 die
1919 1267 2243 1347 grollende
2290 1268 2504 1347 Klage
2548 1268 2699 1331 tiber
2738 1268 2838 1330 die

588 1405 782 1446 neuen
847 1383 1063 1446 Giitter
1113 1379 1250 1446 und
1315 1383 1649 1464 Drannen
1694 1385 1763 1449 in
1808 1385 2211 1450 Prometheus
2255 1383 2395 1446 und
2430 1383 2496 1445 in
2539 1383 2661 1446 den
2708 1383 2835 1444 Eu-

589 1497 878 1560 meniden
923 1495 1282 1562 entlockte.’'

1631 1679 1791 1742 VII.

679 1854 882 1936 Apud
954 1853 1365 1936 Aeschylum
1435 1855 1674 1919 chorus
1743 1876 1876 1918 non
1946 1855 2190 1938 ubique
2252 1861 2487 1937 poetae
2549 1862 2835 1917 mentem

591 1969 916 2049 exprimit,
967 1976 1036 2030 ut
1085 1967 1357 2050 Herwig
1403 1979 1467 2032 et
1513 1969 1619 2032 alii
1670 1971 1869 2058 ainnt.

1613 2148 1806 2211 VIII.

693 2323 955 2405 Choeplz.
1013 2339 1181 2404 1049
1226 2323 1462 2388 tradita
1507 2324 1700 2389 lectio
1746 2327 1829 2404 μὴ
1878 2327 2075 2412 φοβοῦ
2129 2329 2327 2386 νικῶν
2379 2319 2553 2385 πολύ
2594 2323 2838 2386 tuenda

592 2447 692 2503 est
737 2448 963 2502 contra
1011 2440 1261 2503 Porson
1307 2447 1371 2502 et
1419 2438 1783 2503 Wecklein.

1599 2616 1816 2681 VIIII.

681 2796 870 2861 Eum.
918 2794 1306 2877 833—834:

859 2907 1068 2969 καίτοι
1115 2910 1224 2989 μὲν
1273 2908 1350 2971 σύ
1397 2904 1592 2989 κάρτ’
1637 2908 1785 2988 ἐμοῦ
1835 2904 2182 2989 σοφωτέρα,

861 3028 1108 3105 φρονεῖν
1158 3019 1224 3083 δὲ
1273 3020 1457 3099 κάμοὶ
1505 3024 1666 3094 Ζεύς
1713 3019 1948 3084 ἔδωκεν
1996 3022 2067 3085 οὐ
2118 3023 2327 3094 κακῶς

594 3140 660 3201 in
729 3140 894 3201 voce
963 3158 1132 3220 quae
1200 3146 1300 3200 est
1366 3134 1693 3217 σοφωτέρα
1766 3136 2131 3213 Wecklein,
2190 3136 2297 3198 alii
2360 3136 2593 3199 vitium
2642 3134 2841 3198 latere

593 3272 936 3334 perperam
981 3260 1249 3334 putant3
1298 3273 1360 3314 v.
1409 3253 1539 3331 834
1586 3250 1733 3333 lege
1780 3253 1836 3311 εἴ
1882 3255 1980 3328 σύ,
2029 3271 2160 3313 non
2208 3241 2264 3310 εἷ
2296 3253 2394 3327 στί,
2436 3258 2508 3311 ut
2531 3248 2838 3312 Abresch

595 3374 659 3428 et
704 3364 1070 3430 Wecklein.

1663 3501 1748 3566 X.

686 3635 902 3722 Sappl.
951 3652 1073 3721 323
1119 3637 1388 3721 legitur:

865 3752 963 3825 τίς
1010 3750 1177 3815 δῗᾶν
1225 3749 1448 3833 φίλους
1494 3753 1720 3815 ὤνοιτο
1770 3753 1919 3825 τούς
1967 3752 2415 3837 κεκτημένου-3,·

599 3870 746 3953 lege
791 3866 1004 3929 οἴοιτο.

1650 4010 1774 4073 XI.

689 4132 894 4216 Soph..
941 4133 1094 4197 Ant.
1142 4151 1348 4216 2-—3z

865 4237 970 4328 ἆρ’
1019 4239 1189 4308 σῖσθ)
1235 4248 1334 4310 ὅτι
1383 4252 1543 4321 Ζεύς
1587 4249 1720 4311 τῶν
1770 4248 1890 4311 «ἐπ’
1948 4248 2222 4313 Οἶδίπου
2272 4252 2483 4311 κακῶν

866 4360 1266 4444 ὁποῖονυὺχὶ
1314 4368 1444 4444 νῷν
1489 4361 1586 4425 ἔτι
1639 4362 1875 4437 ζώσαιν
1924 4361 2115 4441 τελεῖς

602 4474 756 4537 nihil
803 4476 1189 4539 mutandum
1237 4486 1353 4553 est,
1401 4478 1452 4539 si
1500 4477 1619 4554 ὅτι,
1668 4498 1803 4541 non
1846 4478 1962 4556 ὅ,τι
2009 4479 2263 4559 legitur.
