3442 4975
1620 368 1705 431 97

633 540 879 620 Agam.
935 537 1316 620 156—160:

1077 648 1211 712 οὐδ’
1257 651 1426 723 ὅστις
1473 655 1786 733 πάροιθεν
1834 643 1908 728 ἦν
1955 648 2183 731 μέγας,
2232 730 2237 734 .
2304 709 2310 714 .

1079 769 1405 848 παμμάχῳ
1453 767 1679 847 θράσει
1728 765 1959 849 βρύων,

1027 961 1032 966 .
1075 875 1255 942 οὐδὲν
1303 874 1477 954 λέξαι
1526 880 1673 960 πρὶν
1721 876 1830 955 ὤν,
1888 878 1945 961 1)

1076 995 1143 1066 ὃς
1189 992 1247 1055 δ’
1296 991 1498 1056 ἔπειτ’
1547 993 1688 1073 ἔφυ,
1739 1018 1920 1077 τρια-·

1079 1114 1301 1192 κτῆρος
1346 1107 1585 1191 οἴχεται
1633 1110 1863 1190 τυχών.

629 1227 841 1290 From.
900 1238 1057 1305 152:
1880 1203 1885 1212 ⁶

897 1339 981 1400 τά
1030 1319 1182 1419 πρὶν
1231 1335 1298 1400 δὲ
1347 1335 1634 1418 πελωρια
1681 1339 1801 1398 νῦν
1852 1335 2082 1398 οέιστοῒ.

630 1453 836 1517 Prom.
889 1470 1276 1539 222—224:

899 1546 1076 1646 ἐμαῖς
1121 1563 1188 1627 δὲ
1237 1562 1501 1651 βουλαῖς
1555 1568 1898 1647 Ταρτάρου
1942 1543 2385 1649 μελαμβαθήξ

897 1677 1197 1760 κευθμὼν
1247 1678 1562 1743 καλύπτει
1615 1680 1727 1740 τὸν
1778 1677 2136 1758 παλαιγενῆ
2185 1683 2439 1760 Κρόνον

613 1861 618 1864 ,
898 1793 1146 1855 αὐτοῖσι
1194 1797 1592 1876 συμμάχοισι.
1711 1778 1717 1786 ’
2512 1771 2515 1776 ¹

633 1907 935 1989 Denique
981 1907 1193 1970 Prom.
1250 1909 1720 1987 1025--10282

810 2015 1051 2079 τοιοῦδε
1098 2008 1591 2100 μόχθουτέρμα
1633 2024 1717 2098 μή
1768 2042 1829 2079 τι
1879 2015 2221 2097 προσδόκα,

821 2133 1104 2211 πρὶν·ἂν
1157 2137 1328 2212 θεῶν
1378 2156 1474 2206 τις
1520 2117 1989 2213 διάδοχοξτὼν
2038 2136 2166 2192 σῶν
2215 2135 2433 2193 πόνων

809 2251 1002 2326 φανῇ,
1051 2241 1292 2329 θελήσῃ
1341 2249 1400 2306 τ’
1447 2247 1540 2317 εἷς
1583 2245 1951 2327 ἀναύγητον
1998 2242 2211 2325 μολεῖν

801 2354 1033 2438 εἈιδην
1083 2363 1356 2435 κνεφαῖά
1405 2361 1465 2418 τ’
1510 2356 1670 2437 ἀμφὶ
1730 2361 2071 2454 Ταρτάρου
2114 2359 2315 2442 βάθη.
2369 2359 2432 2440 2)

631 2470 807 2553 Quid
875 2472 1162 2553 igitur?'
1211 2473 1450 2535 Nonne
1521 2472 1778 2536 videtur
1839 2471 1920 2535 de
1982 2472 2257 2535 deorum
2306 2469 2790 2533 immortalitate

545 2587 676 2648 iam
724 2594 943 2649 actum
992 2591 1180 2647 esse?
1229 2586 1324 2649 At
1373 2606 1702 2668 nusquam⁴
1746 2585 1831 2648 de
1877 2586 2017 2668 ipsa
2063 2605 2295 2671 eorum
2337 2594 2545 2648 morte
2571 2604 2789 2647 sermo

541 2709 660 2776 est,
728 2700 1037 2764 dicuntur
1102 2700 1562 2764 tantummodo
1633 2702 1864 2778 ἄιστοι,
1934 2702 1972 2763 i.
2044 2710 2099 2763 e.
2173 2694 2481 2763 oblivioni
2551 2699 2790 2775 traditi,

543 2821 678 2889 aut,
748 2812 929 2894 quod
994 2812 1228 2875 eodem
1278 2812 1462 2889 redit,
1528 2813 1590 2874 in
1643 2810 1911 2876 Tartaro
1960 2814 2171 2876 iacere
2216 2834 2380 2877 eove
2426 2833 2569 2876 esse
2618 2813 2789 2875 ituri.

542 2924 1010 3005 Quaerendum
1079 2926 1276 3007 igitur
1333 2934 1448 3004 est,
1493 2935 1710 2989 utrum
1758 2926 1859 2989 his
1909 2928 2121 2989 verbis
2170 2948 2347 2989 mors
2393 2925 2790 3009 significetur

541 3058 764 3100 necne.
858 3040 999 3101 Iam
1067 3039 1286 3101 statim
1349 3038 1643 3100 concedo
1690 3048 1970 3101 mortem
2018 3037 2359 3101 hominum
2408 3037 2536 3101 hoc
2584 3038 2785 3100 modo

543 3154 777 3214 iterum
823 3172 898 3212 ac
945 3153 1204 3233 saepius
1250 3148 1618 3233 significari,
1667 3172 1723 3213 e.
1772 3172 1868 3233 gr.
1915 3152 2123 3214 Prom.
2174 3168 2560 3232 234—239:

940 3266 1189 3347 βροτῶν
1239 3262 1308 3327 δὲ
1358 3270 1490 3326 τῶν
1540 3262 1973 3345 ταλαιπώρων
2022 3262 2207 3341 λόγον

942 3374 1052 3437 οὐκ
1101 3376 1280 3459 ἔσχεν
1329 3374 1556 3457 οὐδέν’,
1605 3375 1749 3440 ἀλλ’
1796 3376 2119 3449 ἀιστώσας
2164 3376 2339 3454 γένος

944 3492 1016 3551 τὸ
1064 3496 1200 3553 πᾶν
1248 3490 1503 3577 ἔχρῃζεν
1551 3489 1714 3554 ἄλλο
1760 3502 2021 3572 φιτῦσαι
2071 3489 2232 3554 νέον.
2328 3520 2331 3525 ·

945 3607 1051 3665 καὶ
1100 3611 1301 3667 τοῖσιν
1351 3603 1554 3679 οὐδεὶς
1599 3606 1938 3690 ἀντέβαινε
1988 3603 2157 3685 πλὴν
2209 3606 2374 3685 ἐμοῦ.

948 3716 1066 3793 ἐγὼ
1114 3714 1171 3778 δ’
1223 3715 1536 3799 ἐτόλμησ’·
1583 3716 1973 3800 ἐξελυσάμην
2022 3718 2287 3803 βροτούς

944 3833 1018 3893 τὸ
1062 3834 1146 3912 μὴ
1196 3830 1736 3914 διαρραισθέντας
1783 3836 1873 3905 εἷς
1912 3829 2137 3895 εᾺιδου
2182 3829 2416 3912 μολεῖν.

615 4058 660 4122 1)
693 4058 756 4106 In
791 4057 889 4107 hoc
923 4073 1067 4105 versu
1100 4057 1278 4106 vitium
1311 4058 1449 4121 latet,
1483 4070 1598 4107 nam
1634 4074 1735 4107 una
1764 4057 1957 4123 syllaba
1974 4058 2175 4123 longior
2192 4074 2297 4107 esse
2314 4057 2463 4107 debet
2480 4058 2586 4125 (cfr.
2606 4075 2653 4108 v.
2679 4060 2791 4123 151)

475 4202 478 4207 ,
542 4156 589 4198 et
623 4156 883 4213 praeterea
916 4149 1002 4197 vix
1039 4148 1357 4214 intellegitur.
1394 4150 1474 4198 De
1509 4152 1756 4198 sententia
1790 4159 1976 4208 tamen,
2012 4166 2141 4214 quae
2175 4150 2457 4214 requiritur,
2489 4165 2664 4198 omnes
2688 4150 2790 4199 sere

543 4241 863 4290 consentiunt
903 4241 1148 4303 (Ahrens:
1183 4232 1326 4291 οὐδὲ
1352 4240 1578 4301 λέξεται,
1617 4242 1884 4293 Franzius:
1920 4244 1981 4291 οὐ
2018 4241 2329 4307 λελέξεται).

612 4330 663 4396 2)
717 4332 819 4379 His
874 4332 1000 4380 locis
1053 4332 1202 4396 pauci
1251 4332 1336 4381 alii
1371 4334 1493 4381 addi
1526 4334 1735 4397 possint,
1770 4349 1897 4397 quos
1931 4340 2097 4382 tamen
2131 4333 2325 4392 omitt0,
2359 4334 2477 4397 quia
2510 4333 2635 4381 nihil
2670 4334 2789 4382 novi

541 4422 767 4485 afferunt,
801 4438 845 4472 e.
880 4440 956 4488 gr.
993 4424 1168 4474 Prom.
1201 4424 1487 4487 407—-408‚
1520 4424 1804 4488 908—909,
1840 4424 2122 4490 955—956.

2480 4532 2519 4594 7
