3442 4975
1776 404 1863 476 80

695 621 932 664 munus
1023 599 1374 663 ulciscendi
1461 599 1874 683 iustitiaeque
1954 599 2361 662 exercendae
2443 599 2773 683 suscipiat,
2863 623 2945 664 ne

691 712 801 774 filii
876 714 1156 795 amplius
1225 721 1545 796 cogantur
1630 723 1907 776 matrem
1988 734 2109 795 pro
2177 715 2380 795 patris
2449 715 2650 778 caede
2721 716 2941 780 ulcisci

692 847 904 909 neque
967 827 1315 890 Furiarum
1379 826 1532 891 fiant
1576 828 1843 910 praeda.
1897 826 2087 890 Haec
2133 836 2232 891 est
2282 828 2473 890 unica
2520 829 2811 906 victoria,
2860 831 2943 893 de

694 942 906 1004 Furiis
953 950 1298 1024 reportata.
1344 938 1456 1003 Sic
1503 941 1697 1003 etiam
1745 949 1945 1022 patet,
1995 961 2111 1003 cur
2161 941 2440 1023 Erinyes
2488 962 2619 1004 non
2664 943 2968 1006 irascan·‘

689 1065 798 1119 tur
859 1055 1153 1119 instituto
1216 1054 1578 1137 Areopago
1635 1075 1851 1137 neque
1897 1053 2027 1116 sint
2071 1075 2224 1117 cum
2272 1075 2351 1117 eo
2402 1056 2938 1120 reconciliandae.

691 1170 867 1232 Nam
939 1169 1047 1232 ubi
1117 1168 1383 1252 aliquod
1441 1168 1652 1232 scelus
1711 1170 2141 1232 commissum
2203 1178 2321 1247 est,
2373 1169 2652 1252 Erinyes
2698 1172 2941 1235 adsunt

690 1292 755 1346 et
821 1304 1080 1365 semper
1144 1284 1422 1346 aderunt
1493 1291 1564 1346 ut
1633 1282 2047 1358 ulciscantur,
2118 1283 2236 1346 sed
2297 1305 2622 1368 nusquam
2670 1295 2939 1367 apparet

691 1418 803 1460 eas
871 1398 1076 1475 irasci,
1147 1398 1326 1481 quod
1395 1397 1640 1460 scelera
1673 1405 1677 1409 '
1709 1397 1957 1460 rariora
2014 1397 2170 1460 fiant
2214 1397 2423 1480 iisque
2470 1399 2671 1481 igitur
2718 1397 2937 1462 minus

689 1513 946 1575 occasio
993 1512 1343 1575 exercendi
1394 1512 1681 1574 muneris
1728 1511 1827 1572 sui
1878 1510 2210 1575 offeratur.

804 1625 987 1708 Quid
1068 1625 1270 1708 igitur
1353 1624 1476 1687 sibi
1559 1623 1716 1688 velit
1802 1622 1967 1688 haec
2050 1595 2471 1688 ⁴Eumenidum
2551 1627 2939 1709 tragoedia?

690 1741 978 1804 Primum
1027 1740 1341 1802 memoria
1385 1738 1742 1801 tenendum
1792 1748 1911 1816 est,
1962 1759 2108 1802 eam
2155 1759 2301 1802 esse
2346 1749 2601 1823 partem
2637 1741 2938 1824 trilogiae

687 1865 884 1939 atque
966 1853 1161 1917 finem
1231 1873 1454 1916 earum
1542 1871 1761 1915 rerum
1830 1851 2179 1938 (Choeplc.),
2258 1875 2537 1937 quarum
2605 1876 2803 1919 causa
2871 1856 2935 1918 in

685 1970 894 2052 prima
963 1967 1262 2050 trilogiae
1325 1975 1508 2049 parte
1578 1966 1872 2050 (Agam.)
1942 1968 2315 2050 quaerenda
2370 1977 2486 2031 est.
2581 1968 2815 2051 Itaque
2863 1978 2935 2032 ut

687 2086 754 2146 in
835 2083 1319 2163 Agamemnone
1401 2101 1598 2144 causa
1680 2082 2017 2164 reperitur,
2101 2103 2219 2145 cur
2306 2080 2575 2147 Orestes
2656 2092 2929 2146 matrem

691 2197 1058 2275 ulciscatur,
1127 2198 1193 2259 in
1272 2194 1647 2276 Choeplmis
1713 2204 1937 2259 autem
2006 2196 2148 2278 ipsa
2212 2195 2397 2272 ultio,
2456 2196 2552 2258 sic
2600 2197 2665 2260 in
2710 2197 2936 2260 Eume-

687 2310 937 2373 nidz'bus
1014 2315 1212 2392 poeta
1293 2309 1708 2372 auditoribus
1793 2318 2035 2373 sortem
2124 2307 2399 2373 Orestae
2490 2309 2715 2373 ultoris
2784 2319 2935 2373 ante

686 2425 917 2489 oculos
1001 2444 1246 2507 ponere
1329 2423 1609 2488 debebat
1693 2435 1891 2508 atque
1961 2424 2328 2504 ostendere,
2401 2433 2623 2489 utrum
2693 2425 2933 2508 dignus

687 2550 878 2615 esset,
926 2541 1037 2623 qui
1073 2539 1621 2602 condemnaretur
1657 2560 1740 2601 an
1773 2539 2240 2603 absolveretur.
2291 2539 2345 2603 C
2365 2540 2933 2604 ondemnatus

687 2656 888 2737 igitur
931 2663 1045 2717 aut
1090 2653 1541 2717 absolutus
1591 2651 1948 2716 Orestes
1994 2664 2458 2736 argumentum
2508 2654 2934 2717 Eumenidum

687 2790 833 2834 esse
900 2768 1201 2832 debebat.
1293 2768 1389 2831 At
1431 2768 1774 2832 absolutus
1822 2776 1932 2831 est'
1968 2767 2253 2833 OresteS.
2349 2769 2533 2853 Ergo
2582 2768 2931 2834 Orestes

687 2883 1133 2947 absolutus
1201 2884 1402 2945 totius
1473 2883 1849 2965 tragoediae
1917 2893 2012 2946 est
2072 2893 2536 2968 argumentum
2598 2893 2815 2967 atque,
2864 2885 2930 2947 id

687 3000 868 3082 quod
937 3019 1068 3062 non
1131 2996 1650 3061 obliviscendum
1711 3006 1831 3074 est,
1888 2997 2155 3061 unicum
2202 3007 2687 3081 argumentum,
2734 3006 2931 3081 poeta

686 3115 981 3197 dignum.

796 3227 867 3291 Si
936 3237 1157 3292 tamen
1227 3226 1398 3290 hanc
1467 3246 1666 3289 unam
1735 3226 2141 3309 tragoediam
2214 3246 2332 3309 per
2399 3246 2467 3289 se
2536 3235 2928 3309 spectamus,

684 3342 970 3425 primum
1020 3341 1377 3404 videndum
1426 3348 1547 3417 est,
1595 3360 1730 3422 quo
1778 3339 1980 3402 modo
2024 3346 2224 3421 poeta
2269 3338 2435 3403 hanc
2462 3360 2599 3402 rem
2629 3337 2929 3424 (Orestae

685 3447 1012 3518 iudicium
1068 3455 1242 3538 dico)
1301 3454 1586 3518 solverit.
1680 3453 1897 3518 Sensit
1960 3454 2157 3537 igitur
2204 3453 2533 3533 Orestam,
2581 3456 2685 3518 cui
2731 3474 2929 3538 agen·-

685 3570 847 3630 dum
931 3576 1102 3631 esset
1169 3568 1628 3631 convenienter
1711 3566 1837 3629 illis
1906 3568 2337 3650 temporibus,
2407 3588 2561 3631 cum
2633 3568 2927 3632 nondum

684 3682 860 3746 aliud
909 3683 1010 3744 ius
1057 3681 1179 3743 nisi
1225 3681 1326 3743 ius
1373 3680 1666 3744 naturale
1714 3689 2023 3758 exstaret,
2069 3689 2321 3763 patrem
2350 3681 2570 3744 ulcisci
2598 3681 2924 3760 debuisse,

684 3805 970 3860 attamen
1018 3797 1076 3858 ei
1125 3805 1399 3859 matrem
1448 3794 1749 3857 occidere
1796 3795 2061 3857 minime
2109 3794 2321 3858 licere.
2373 3796 2506 3859 Hic
2552 3796 2753 3879 igitur
2792 3804 2928 3860 erat

685 3911 896 3973 nodus
964 3909 1412 3985 inenodabiliS,
1483 3907 1595 3992 qui
1655 3907 2080 3973 nihilominus
2127 3909 2511 3973 enodandus
2558 3910 2701 3973 fuit.
2776 3912 2927 3972 Pro-

685 4023 1100 4098 vocationem
1147 4024 1344 4105 igitur
1387 4043 1508 4105 pro
1558 4020 1797 4085 Oresta
1842 4023 1924 4085 ad
1973 4022 2296 4105 populum
2344 4024 2518 4098 fecit,
2544 4025 2582 4088 i.
2610 4045 2665 4086 e.
2694 4024 2758 4085 in
2784 4024 2927 4105 ipsa

681 4138 1022 4220 tragoedia
1105 4136 1190 4199 ad
1272 4136 1730 4219 Areopagum,
1823 4137 1937 4219 qui
2019 4156 2172 4198 eum
2256 4158 2381 4199 non
2463 4136 2924 4213 condemnavit,

683 4272 832 4314 cum
917 4271 1226 4313 numerus
1308 4250 1889 4313 condemnantium
1971 4250 2145 4312 idem
2231 4258 2401 4313 esset
2471 4271 2548 4312 ac
2616 4271 2926 4313 numerus

683 4364 1180 4427 absolventium.
1233 4363 1385 4426 Hoc
1431 4363 1744 4426 iudicium
1790 4362 2029 4425 deinde
2076 4362 2178 4424 dei
2226 4364 2538 4445 sapientia
2575 4363 2925 4446 (Minerva)

685 4479 925 4553 sanxit,
995 4479 1211 4561 itaque
1279 4486 1456 4541 totus
1538 4475 1827 4558 populus
1896 4476 1962 4538 id
2036 4477 2173 4538 sine
2244 4475 2447 4539 dubio
2516 4476 2923 4559 approbavit,
