3442 4975
1594 387 1708 452 123

523 571 587 619 et
652 557 827 640 apud
877 577 948 620 se
995 557 1304 638 recipere,
1339 562 1392 635 1)
1441 556 1943 620 mansuetudine
1994 557 2084 619 uti
2135 558 2196 619 in
2244 556 2561 634 subditos,
2594 557 2660 640 2)
2707 558 2770 619 in

525 670 829 733 omnibus
876 671 1159 754 denique
1207 671 1402 734 rebus
1449 671 1566 735 sibi
1613 679 1999 754 temperare.
2028 671 2090 753 3)
2143 670 2219 733 In
2248 670 2487 733 talibus
2513 670 2769 753 legibus

527 784 755 846 dandis
805 805 999 848 nemo
1049 784 1343 848 dubitare
1389 792 1629 868 potest,
1675 788 1930 868 opinor,
1980 785 2136 866 quin
2168 784 2330 847 deus
2356 783 2769 866 Aeschyleus

523 897 607 960 sit
651 899 880 960 iustus·
953 898 1485 981 Uniuscuiusque
1539 900 1713 962 enim
1740 899 2134 961 conscientia
2157 907 2429 962 testatur
2452 897 2570 960 has
2595 898 2773 980 leges

524 1013 804 1093 optimas
875 1033 1034 1076 esse.
1111 1013 1240 1075 Hic
1308 1022 1528 1076 tamen
1587 1014 1668 1077 de
1717 1034 1850 1076 uno
1898 1012 2045 1075 loco
2094 1021 2192 1075 est
2236 1012 2610 1088 dicendum,
2656 1013 2769 1094 qui

527 1125 767 1187 multos
815 1126 942 1188 iam
989 1125 1276 1189 offendit.
1326 1123 1587 1189 Chorus
1633 1127 1803 1188 enim
1853 1127 1918 1188 in
1974 1124 2239 1205 Choe'plc.
2275 1125 2609 1188 contendit
2656 1144 2771 1207 per

525 1239 682 1301 deos
728 1238 921 1301 licere
970 1240 1264 1302 inimicos
1315 1238 1535 1302 ulcisci
1587 1239 1718 1323 (vv.
1780 1237 2186 1321 111—116):

701 1354 860 1414 HA.
932 1351 998 1413 τί
1043 1353 1165 1432 φῶς
1212 1349 1456 1414 δίδασκ’
1504 1355 1773 1433 ἄπειρον
1827 1349 2223 1433 ἐξηγουμένη.

723 1467 864 1528 ΧΟ.
939 1461 1154 1527 ἐλθεῖν
1204 1469 1330 1527 τιν’
1376 1466 1594 1539 αὐτοῖς
1640 1462 1891 1546 δαίμον’
1936 1469 1979 1546 ἠ
2023 1465 2273 1548 βροτῶν
2322 1486 2472 1526 τινα

693 1582 860 1641 ,ΗΛ.
933 1583 1174 1660 πότερα
1220 1576 1525 1659 δικαστὴν
1573 1583 1614 1660 ἠ
1659 1576 1995 1661 δικηφόρον
2045 1576 2266 1657 λέγεις,ο

717 1697 861 1755 ΧΟ.
934 1689 1160 1766 ἁπλῶς
1207 1716 1268 1754 τι
1317 1692 1634 1775 φράζουσ’,
1678 1693 1854 1765 ὅστις
1900 1692 2385 1754 ἀνταποκτενεῖ.

701 1810 860 1869 ΗΛ.
937 1809 1038 1868 καὶ
1090 1810 1305 1869 ταῦτά
1349 1806 1612 1887 μούστὶν
1665 1808 1887 1894 εὐσεβῆ
1940 1810 2113 1868 θεῶν
2162 1812 2367 1888 micon,-

720 1924 862 1983 ΧΟ.
937 1924 1071 1993 πῶς
1119 1921 1176 1983 δ’
1222 1926 1316 2000 οὔ,
1367 1924 1478 1983 τὸν
1525 1923 1755 2004 ἐχθρὸν
1806 1920 2316 2004 ἀνταμείβεσθαι
2366 1925 2631 1997 κακοῒςς

613 2035 754 2098 Iam
823 2037 1042 2099 statim
1113 2038 1408 2099 concedo
1455 2036 1580 2100 hoc
1627 2037 1947 2100 adversus
1995 2038 2294 2100 inimicos
2342 2037 2571 2098 odium
2622 2056 2758 2098 rem

525 2149 726 2212 fuisse
795 2159 930 2213 tam
996 2150 1406 2234 popularem,
1480 2160 1549 2214 ut
1619 2150 2014 2233 AeschyluS,
2084 2152 2133 2213 si
2197 2149 2349 2212 huic
2413 2151 2502 2212 rei
2552 2150 2765 2211 minus

526 2263 913 2346 indulgeret,
963 2263 1237 2327 chorum
1286 2266 1679 2328 contrariam
1711 2266 2087 2347 opinionem
2115 2263 2528 2347 profitentem
2554 2264 2767 2326 facere

525 2377 877 2454 debuisset,
941 2380 1182 2462 quippe
1228 2381 1341 2462 qui
1389 2378 1664 2462 pulchre
1710 2381 1925 2457 sciret,
1974 2381 2212 2454 omnia,
2261 2399 2430 2462 quae
2476 2399 2515 2440 a
2561 2375 2764 2440 choro

523 2493 929 2572 dicerentur,
962 2515 1240 2576 magnae
1284 2495 1461 2578 apud
1507 2496 1841 2559 auditores
1880 2516 2021 2558 esse
2047 2495 2467 2560 auctoritatis,
2516 2494 2611 2556 A't
2636 2512 2765 2555 non

523 2608 694 2686 fecit,
742 2630 955 2691 neque
1003 2630 1282 2692 usquam
1330 2610 1392 2672 in
1441 2610 1579 2672 suis
1614 2609 1971 2692 tragoediis
1995 2609 2220 2672 fecisse
2242 2609 2516 2673 videtur.
2568 2607 2767 2672 Unde

524 2722 744 2805 colligi
793 2723 962 2797 licet,
1009 2744 1162 2786 eum
1209 2744 1339 2787 non
1365 2724 1548 2787 aliter
1570 2744 1647 2786 ac
1671 2722 1948 2786 chorum
1974 2724 2268 2786 sensisse.
2324 2723 2519 2785 Hanc
2542 2729 2765 2785 autem

523 2856 660 2899 rem
723 2836 908 2899 multi
959 2835 1378 2900 vehementer
1424 2838 1976 2919 vituperaverunt,
2024 2858 2080 2901 e.
2131 2857 2227 2917 gr.
2279 2836 2357 2898 E.
2408 2832 2764 2912 Buchholz,

522 2951 633 3033 qui
683 2950 764 3013 de
812 2950 934 3013 hac
981 2970 1048 3013 re
1095 2951 1283 3013 dicit:
1331 2956 1396 3029 4)
1448 2950 1602 3025 „An
1649 2950 1757 3012 die
1804 2949 2023 3033 Spitze
2069 2949 2282 3011 dieser
2323 2947 2782 3031 Betrachtung.

524 3064 754 3128 stellen
837 3066 954 3127 wir
1022 3066 1124 3127 ein
1194 3085 1351 3146 paar
1423 3064 1755 3147 Dogmen,
1826 3065 1890 3126 in
1960 3064 2171 3126 denen
2241 3063 2357 3124 der
2425 3060 2763 3123 heidnisch

521 3177 1056 3261 polytheistische
1124 3177 1547 3259 Standpunkt
1615 3178 1731 3240 des
1781 3176 2085 3240 Dichters
2129 3176 2373 3259 sclzrqff
2405 3174 2771 3238 hervortritt

519 3293 660 3354 und
697 3291 872 3354 einen
915 3291 1370 3354 sclzneidenden
1402 3291 1759 3370 Gegensatz
1778 3312 1903 3377 zur
1922 3290 2305 3354 clzrz'stlz'clten
2336 3290 2534 3352 Lelzre
2556 3288 2763 3352 bildet.

525 3404 743 3469 Dahin
807 3406 1042 3489 gehort
1101 3403 1410 3468 zunachst
1451 3406 1636 3485 jener
1682 3404 1941 3468 oberste
1990 3404 2358 3467 Grundsatz
2406 3404 2522 3467 der
2568 3402 2761 3465 helle·

523 3520 786 3583 nischen
836 3519 1076 3581 Moral:
1131 3520 1345 3581 Hasse
1391 3520 1516 3581 den
1561 3520 1787 3595 Feind,
1816 3519 2047 3601 vergilt
2079 3520 2278 3582 Boses
2305 3519 2417 3581 mit
2444 3516 2760 3581 Bosem!’'

609 3633 931 3697 Memoria
976 3643 1195 3696 tamen
1240 3635 1595 3697 tenendum
1644 3643 1760 3709 est,
1808 3634 2036 3697 odium
2084 3636 2147 3697 in
2194 3635 2415 3698 hostes
2453 3654 2599 3696 esse
2625 3653 2763 3695 rem

591 3819 636 3883 1)
673 3819 804 3868 Vide
836 3836 951 3885 pag.
993 3832 1103 3878 122,
1139 3826 1307 3868 annot.
1343 3820 1370 3867 I
1406 3819 1586 3886 (Eum.
1621 3818 1909 3887 265—268)
1944 3829 1993 3870 et
2028 3820 2227 3886 passim.

587 3909 638 3977 2)
671 3912 852 3975 Agam.
887 3912 1188 3976 915—916:

1254 3994 1348 4041 τὸν
1385 3992 1700 4058 κραθοῦντα
1736 3990 2038 4050 μαλθακῶς

858 4072 987 4128 θεὸς
1021 4071 1310 4137 πρόσωθεν
1345 4073 1575 4131 εὐμενῶς
1610 4069 2023 4137 προσδέρκεται.

586 4164 639 4225 3)
677 4162 836 4211 Eum.
874 4172 1000 4226 523:

852 4257 1021 4303 παντὶ
1055 4256 1194 4320 μέσῳ
1232 4257 1288 4303 τὸ
1325 4254 1518 4322 κράτος
1557 4255 1687 4311 θεὸς
1722 4252 1954 4303 ὤπασεν.

586 4343 638 4410 4)
674 4344 772 4395 Ῐ)ἰ6
805 4346 1020 4395 sittliche
1053 4335 1516 4414 Weltanscliauung
1547 4346 1636 4395 des
1671 4345 1909 4393 Pindarus
1940 4346 2041 4395 und
2070 4346 2365 4410 Aeschylus,
2385 4346 2592 4411 Leipzig
2618 4344 2765 4409 1869,

516 4453 565 4500 p.
609 4436 889 4499 187—188.
