3442 4975
1593 396 1678 459 29

865 562 1140 644 δένδρων
1189 566 1412 643 ὄπωρα
1459 562 1516 625 δ’
1564 565 1629 624 ἐκ
1679 564 2041 639 νοτίζοντος
2086 571 2292 645 γάμου

865 663 1100 737 τέλειός
1149 668 1302 727 ἐστι·
1353 668 1482 727 τῶν
1533 663 1590 727 δ’
1639 666 1757 743 ἐγὼ
1815 668 1870 751 1)
1920 668 2264 739 παναίτιος
2314 668 2399 751 2).

597 777 708 841 Sic
748 775 983 850 ‘'ffl.20;
1031 788 1130 843 est
1178 785 1390 861 πατήρ
1439 778 1737 863 (ΕΙιοέβΙι.
1786 782 2187 865 981-983),
2236 784 2347 864 qui
2391 783 2564 844 idern
2591 776 2769 866 facit,'

510 893 690 974 quod
760 894 860 970 Γῆ
929 898 1156 974 μήτηρ,
1225 896 1472 976 quippe
1541 895 1652 977 qui
1726 915 1877 956 cum
1949 904 2118 959 terra
2178 895 2327 971 alat,
2377 895 2557 978 quod
2604 896 2765 961 haec

511 1008 724 1089 gignit
769 1008 1028 1088 (Agant.
1076 1009 1264 1087 611):

820 1117 990 1200 πλὴν
1039 1125 1151 1182 τοῦ
1199 1120 1540 1203 τρέφοντος
1582 1120 1817 1184 ςΗλιόυ
1864 1124 2098 1203 χθονός
2143 1126 2351 1203 φύσιν.

599 1234 697 1297 At
763 1235 996 1317 fragm.
1068 1251 1154 1314 70
1222 1236 1532 1319 legimus:
1608 1238 1767 1308 Ζεύς
1838 1237 2297 1315 ἐστι....Γῆ,
2370 1238 2549 1319 quod
2598 1238 2759 1301 nihil

512 1350 689 1411 aliud
739 1348 1103 1431 significare
1149 1359 1366 1433 potest
1413 1351 1536 1413 nisi
1585 1370 1853 1413 omnem
1901 1352 2055 1425 vim,
2104 1374 2274 1434 quae
2321 1360 2529 1415 terrae
2577 1353 2766 1431 inest,
2867 1396 2875 1404 ·

511 1464 593 1527 ab
664 1464 824 1526 Iove
894 1465 950 1526 ei
1021 1465 1264 1541 incuti;
1317 1469 1378 1544 3)
1442 1461 1678 1535 ‘'Hzaog
1750 1474 1971 1529 autem
2031 1464 2251 1546 Suppl.
2324 1483 2451 1529 202
2522 1467 2761 1530 dicitur

510 1578 680 1658 ὄρνις
753 1578 955 1658 Ζηνὸς
1024 1588 1089 1641 et
1162 1578 1406 1657 Agam.
1457 1592 1809 1660 934-935
1884 1581 2043 1651 Ζεῦ-ς
2125 1580 2299 1643 idem
2369 1581 2521 1645 facit
2585 1583 2767 1665 quod

511 1711 708 1772 supra
755 1691 853 1753 sol
901 1700 967 1754 et
1010 1699 1210 1754 terra:
1880 1670 1884 1675 ¹

868 1804 1029 1866 ὅταν
1079 1803 1141 1867 δὲ
1190 1811 1380 1889 τεύχῃ
1428 1808 1586 1877 Ζεύς
1633 1806 1753 1868 ἀπ’
1797 1808 2078 1887 ὄμφακος
2128 1813 2360 1889 πικρᾶς

867 1913 1066 1985 οἶνον,

517 2024 690 2086 unde
751 2022 882 2087 iam
953 2023 1173 2105 colligi
1221 2031 1439 2105 potest
1485 2032 1722 2086 terram
1772 2032 1836 2086 et
1882 2024 2089 2087 solem
2137 2026 2402 2107 quidem
2451 2026 2758 2089 animalia

515 2146 580 2200 et
641 2138 876 2201 herbas
939 2138 1112 2200 alere
1158 2146 1356 2220 atque
1403 2158 1667 2219 augere,
1717 2137 1834 2199 sed
1882 2139 2035 2215 vim,
2085 2159 2216 2220 qua
2263 2140 2326 2201 id
2374 2139 2632 2218 saciant,
2681 2141 2763 2204 ab

511 2254 670 2315 Iove
739 2254 812 2315 iis
883 2253 1101 2315 datam
1173 2273 1335 2315 esse.
1430 2251 1610 2314 Nihil
1659 2254 1897 2315 'tamen
1968 2253 2341 2316 coniectura
2410 2275 2577 2336 opus
2640 2264 2759 2332 est,

412 2393 416 2396 ·
513 2388 665 2429 cum
733 2367 932 2444 idem,
1003 2366 1183 2449 quod
1232 2368 1360 2429 iam
1410 2366 1720 2449 suspicati
1770 2387 2025 2444 sumuS,
2070 2366 2455 2449 Aeschylus
2502 2367 2762 2431 disertis

513 2482 723 2547 verbis
789 2481 1065 2545 affirmet
1130 2503 1247 2565 per
1313 2480 1591 2545 chorum
1665 2482 2063 2557 Danaidum,
2136 2484 2245 2565 qui
2316 2491 2571 2565 praeter
2638 2481 2764 2545 alia

513 2598 708 2660 etiam
756 2596 885 2659 hoc
933 2606 1114 2678 optat
1160 2596 1410 2679 (Suppl.
1457 2595 1881 2678 656—657):

871 2704 1230 2789 καρποτελῆ
1279 2705 1344 2768 δέ
1395 2731 1490 2768 τοι

869 2813 1026 2880 Ζεύς
1075 2808 1498 2890 ἐπικραινέτω
1545 2808 1813 2890 φέρματι
1862 2814 1983 2887 γᾶν
2034 2812 2332 2890 πανώρῳ.

605 2927 923 2987 Extrema
991 2925 1188 3006 igitur
1258 2946 1474 3001 causa,
1536 2947 1667 3008 qua
1710 2925 2013 2988 animalia
2058 2933 2123 2986 et
2170 2923 2412 2986 herbae
2460 2931 2762 2986 crescunt

513 3041 655 3122 ipse
699 3040 857 3110 Ζεύς
903 3047 1022 3116 est,
1075 3060 1288 3121 neque
1335 3039 1516 3103 Gaea
1561 3049 1674 3102 aut
1726 3039 1959 3101 Helios
1984 3047 2096 3101 aut
2118 3036 2281 3100 alius
2310 3037 2457 3119 quis
2482 3037 2758 3098 deorum

514 3153 891 3216 dearumve.

605 3265 737 3329 Sed
816 3267 1012 3330 etiam
1098 3267 1291 3329 rebus
1364 3268 1522 3336 Ζεύς
1593 3267 1869 3348 imperat
1934 3265 2017 3328 ab
2088 3284 2302 3345 eoque
2371 3263 2467 3326 vis
2541 3262 2762 3325 divina

514 3381 961 3463 proficiscitur,
1010 3401 1178 3462 quae
1224 3401 1334 3443 eas
1383 3401 1486 3443 res
1536 3389 1757 3444 movet
1785 3388 1985 3461 atque
2012 3378 2199 3460 regit.
2252 3377 2446 3459 Quae
2470 3378 2762 3459 potentia

513 3517 664 3559 cum
723 3495 808 3558 ab
877 3493 1218 3575 Aeschylo
1288 3493 1743 3576 pulcherrimis
1814 3514 1891 3556 ac
1958 3513 2168 3574 paene
2238 3492 2469 3554 divinis
2543 3492 2759 3554 verbis

516 3629 829 3691 expressa
875 3609 978 3684 sit,
1027 3608 1182 3671 nolo
1229 3609 1308 3671 iis
1354 3607 1969 3671 circumscribendis
2016 3606 2364 3689 periclitari
2411 3614 2476 3668 et
2522 3625 2754 3670 eorum

515 3725 649 3789 vim
734 3726 1256 3808 gravitatemque
1341 3727 1720 3788 diminuere.
1834 3723 2036 3807 Quod
2122 3723 2570 3801 PrometheuS,
2643 3725 2755 3805 qui

405 3929 411 3934 .
514 3838 670 3902 dicit
729 3860 798 3901 se
858 3840 1080 3903 Iovem
1149 3839 1333 3902 flocci
1383 3860 1514 3902 non
1560 3840 1770 3902 facere
1818 3837 2286 3923 (Prom.937),
2349 3837 2511 3900 haec
2558 3837 2759 3900 verba

517 3954 827 4037 loquitur,
891 3955 957 4016 id
1006 3953 1242 4017 horum
1305 3954 1660 4019 verborum
1707 3955 1840 4015 vim
1889 3954 2084 4015 etiam
2132 3949 2535 4014 corrohorat.
2635 3951 2763 4026 En,

516 4067 720 4131 habes
768 4069 985 4149 ipsum
1034 4067 1254 4130 locum
1301 4068 1536 4149 (From.
1597 4065 2107 4148 1080—1091):

582 4305 631 4372 2)
698 4296 901 4371 Fragmss
951 4305 1272 4367 Danaidum,
1309 4305 1446 4369 quod
1480 4303 1660 4369 legitur
1696 4303 1828 4367 apud
1866 4303 2051 4352 Athen.
2087 4301 2189 4360 111,
2225 4319 2275 4366 p.
2313 4302 2413 4351 600
2446 4301 2519 4368 (v.
2557 4302 2757 4361 Nauck,

515 4399 691 4462 fragm.
726 4411 794 4460 44
825 4416 875 4463 p.
915 4396 1010 4462 16).

581 4490 632 4556 3)
668 4490 800 4538 Vide
835 4490 900 4538 de
933 4489 1032 4536 hoc
1067 4487 1348 4553 fragmento
1386 4505 1435 4551 p.
1473 4486 1689 4550 63—66.
