3442 4975
1748 359 1837 443 46

755 553 958 635 Quod
1027 554 1110 616 de
1182 552 1305 617 hac
1369 575 1437 616 re
1484 552 1863 636 Aeschylus
1910 554 2130 632 sensit,
2178 552 2422 616 chorus
2468 554 2917 636 pronuntiavit

661 688 766 731 vv.
825 667 1287 748 1467—1470:

1194 780 1280 851 ὡς
1324 780 1439 858 μὲν
1489 779 1783 851 ἀναίτιος
1832 772 1887 841 εἷ

1192 890 1375 955 τοῦδε
1423 896 1619 972 φόνου
1669 893 1767 965 τίς
1815 896 1852 955 ό
1892 899 2341 975 μαρτυρήσων,·

1198 1008 1300 1067 πῶ
1351 1012 1482 1083 πῶς
1529 1010 1864 1087 πατρόθεν
1914 1004 1979 1068 δὲ
2027 1004 2260 1086 συλλή-

1192 1145 1373 1202 πτωρ
1421 1119 1645 1197 γένοιτ’
1695 1122 1778 1181 ἂν
1828 1118 2145 1202 ἀλάστωρ.

744 1234 878 1297 Sed
949 1236 1105 1317 quid
1175 1234 1422 1298 multa?
1519 1235 1947 1315 Perspicuum
2004 1244 2104 1298 est
2150 1234 2693 1317 Clytaemestram
2742 1234 2905 1296 haec

657 1350 738 1411 de
806 1350 939 1412 fato
1011 1348 1208 1413 verba
1278 1350 1500 1411 mortis
1570 1359 1750 1413 metu
1813 1359 2072 1431 captam
2129 1344 2365 1423 dicere,
2414 1358 2485 1412 ut
2531 1370 2673 1411 sese
2720 1357 2905 1411 extra

656 1462 917 1544 culpam
981 1472 1205 1545 ponat,
1278 1484 1409 1525 non
1470 1464 1656 1527 aliter
1716 1485 1794 1527 36
1856 1464 2325 1545 Agamemnon
2371 1463 2523 1527 facit
2569 1464 2635 1526 in
2679 1463 2900 1539 Iliade,

657 1576 770 1639 ubi
817 1598 889 1639 se
934 1578 1107 1658 apud
1163 1576 1452 1639 Graecos
1498 1586 1759 1660 purgat.
1858 1577 2257 1641 Dicit’enim
2306 1578 2525 1661 (XIX,
2576 1576 2899 1659 86—89):

1633 1691 1749 1767 ἐγὼ
1798 1688 1850 1751 δ’
1898 1689 2009 1751 οὐκ
2058 1689 2261 1763 αἴτιός
2309 1694 2456 1771 εἶμι,

918 1801 1087 1866 ἀλλὰ
1133 1804 1292 1875 Ζεύς
1339 1806 1443 1864 καὶ
1488 1810 1676 1885 μοῖρα
1725 1807 1829 1865 καὶ
1880 1796 2503 1886 ἠεροφοῖτι;’.ἐρινιΙ,·,

919 1918 982 1978 οἳ
1027 1916 1096 1979 τέ
1142 1941 1244 1998 μοι
1295 1922 1388 1979 εἶν
1438 1920 1636 2001 ἀγορῇ
1679 1922 1897 2000 φρεσὶν
1949 1917 2229 2003 ἔμβαλον
2276 1923 2497 2000 ἄγριον
2544 1921 2733 1999 ἄτην,

917 2035 1109 2111 ἤματι
1160 2038 1271 2113 τῷ,
1317 2032 1408 2093 ὅτ’
1455 2029 1786 2114 Ἀχιλλῆο,ἱ
1831 2031 2014 2114 γέρα»1
2062 2032 2253 2105 αὐτὸς
2299 2031 2632 2114 ἀπηύρων,

651 2155 716 2209 et
783 2166 951 2227 quae
1023 2156 1402 2229 sequuntur.
1463 2146 1595 2209 Sed
1643 2155 1708 2210 et
1753 2146 2223 2229 Agamemnon
2272 2148 2470 2209 sentit
2514 2166 2701 2208 suam
2750 2166 2894 2208 esse

650 2260 912 2341 culpam
961 2269 1027 2323 et
1073 2260 1362 2323 Graecos
1410 2245 1584 2324 idem
1631 2262 1867 2323 sentire
1911 2270 2117 2342 putat.
2166 2259 2364 2341 Quod
2411 2258 2535 2322 nisi
2584 2260 2673 2321 ita
2704 2269 2894 2337 esset,

651 2392 785 2449 cur,
859 2394 1126 2455 quaeSO,
1190 2383 1341 2455 post
1386 2383 1520 2437 tam
1568 2375 1837 2456 longam
1888 2374 2361 2450 defensionem,
2408 2372 2465 2435 ei
2514 2374 2709 2435 tantis
2755 2373 2894 2454 pol·

649 2468 1107 2551 licitationibus
1200 2510 1369 2570 opus
1460 2493 1652 2568 esset,
1749 2499 2027 2572 quantas
2071 2490 2246 2552 ‘sacit
2311 2511 2416 2553 vv.
2495 2495 2894 2569 137—144?

649 2600 902 2682 Quodsi
965 2623 1179 2684 neque
1227 2601 1701 2684 Clytaemestra
1748 2605 1971 2676 credit,
2022 2604 2200 2686 quod
2249 2603 2421 2677 dicit,
2470 2623 2683 2685 neque
2731 2599 2892 2664 Ore-

648 2724 801 2792 steS‚
894 2735 974 2778 ne
1042 2735 1163 2778 nos
1234 2715 1576 2779 credamus
1646 2715 1809 2778 haec
1875 2716 2073 2779 verba
2142 2715 2457 2797 Aeschyli
2526 2717 2892 2798 exprimere

648 2839 933 2892 mentem
991 2830 1070 2912 1).
1141 2830 1208 2893 Si
1256 2829 1677 2893 nihilominus
1746 2829 1979 2913 aliquis
2036 2831 2203 2893 hanc
2252 2851 2389 2892 rem
2440 2851 2672 2912 urgere
2719 2828 2888 2904 velit,

647 2964 886 3007 moneo
955 2945 1073 3022 τὴν
1145 2946 1410 3024 Μοῖραν
1481 2945 1677 3008 etiam
1758 2944 1885 3007 hoc
1957 2945 2103 3007 loco
2173 2942 2695 3024 προσωποποιίας
2766 2963 2887 3004 usu

644 3059 950 3141 explicari
1018 3079 1234 3141 posse,
1296 3080 1428 3141 quo
1499 3060 1771 3136 accedit,
1832 3059 2009 3142 quod
2074 3060 2338 3121 minime
2384 3069 2669 3140 apparet,
2718 3077 2887 3140 quae

644 3173 750 3237 hic
796 3175 958 3236 inter
1003 3173 1208 3238 satum
1257 3183 1323 3237 et
1369 3174 1596 3238 Iovem
1644 3176 1806 3237 ratio
1854 3175 2227 3237 intercedat.

737 3288 936 3370 Quod
987 3289 1060 3348 τὸ
1105 3292 1405 3369 μόρσιμον
1454 3289 1692 3371 legitur
1738 3311 1841 3352 vv.
1890 3288 1977 3369 96
2026 3296 2091 3350 et
2127 3301 2252 3368 451
2286 3297 2351 3352 et
2372 3289 2882 3368 μοιρόκραντον...

643 3395 806 3482 ἦμαρ
879 3424 939 3465 ν.
996 3415 1142 3483 595,
1214 3401 1341 3464 hoc
1414 3402 1672 3464 silentio
1741 3402 2187 3483 praeterimuS,
2258 3424 2432 3480 cum,
2497 3410 2566 3465 ut
2626 3403 2885 3484 saepius

643 3518 716 3576 τὸ
781 3518 1106 3594 μόρσιμον,
1177 3517 1271 3577 sic
1339 3517 1375 3575 ό
1440 3520 1891 3596 μοιρόκραντο,·
1958 3517 2192 3594 θεσμὸς
2262 3516 2581 3598 Erinyum
2650 3516 2733 3579 ab
2782 3515 2883 3579 his

641 3628 889 3691 deabus
938 3631 1091 3711 ipsis
1137 3629 1317 3690 Eum.
1373 3631 1725 3710 388—389
1797 3631 1875 3689 ἐκ
1946 3634 2162 3690 θεῶν
2233 3627 2446 3700 δοθεὶς
2492 3632 2743 3693 dicatur
2791 3631 2879 3712 2),

640 3746 960 3830 nobisque
1005 3747 1088 3809 ad
1134 3768 1193 3809 v.
1247 3746 1372 3826 298
1421 3745 1502 3806 sit
1545 3744 2051 3826 properandum.

731 3861 884 3923 Hoc
966 3860 1164 3942 igitur
1244 3880 1436 3922 versu
1519 3859 1767 3938 Μοῖραι
1856 3866 2172 3940 'tanquam
2256 3857 2477 3940 plures
2561 3877 2880 3940 personae

637 3978 1037 4050 invocantur,
1098 3973 1212 4036 sed
1274 3972 1533 4036 additur
1596 3992 1755 4050 vox,
1818 3992 1986 4054 quae
2034 3981 2132 4035 est
2180 3973 2445 4050 Διόθεν,
2494 3993 2614 4035 nec
2658 3982 2876 4036 tamen

635 4090 850 4153 statim
897 4097 1184 4172 apparet,
1231 4107 1398 4169 quae
1446 4087 1605 4148 ratio
1647 4087 1810 4148 inter
1850 4083 2108 4165 Μοίρας
2132 4095 2198 4149 et
2223 4085 2453 4149 Iovem
2478 4087 2875 4149 intercedere

705 4286 750 4350 1)
819 4287 919 4336 Csr.
988 4287 1202 4350 Platner‚
1272 4285 1442 4335 Ueber
1509 4284 1592 4332 die
1665 4283 1787 4332 Idee
1855 4283 1947 4331 der
1981 4281 2361 4347 Gerechtigkeit
2395 4283 2445 4330 in
2482 4283 2739 4347 Aechylus
2773 4284 2876 4333 und

634 4379 926 4442 Sophocle5‚
960 4395 1007 4443 p.
1039 4378 1103 4440 67
1139 4381 1286 4441 (quae
1321 4378 1472 4426 verba
1507 4393 1552 4440 p.
1596 4385 1622 4437 7
1658 4380 1827 4421 annot.
1868 4387 1887 4422 1
1927 4373 2028 4421 iarn
2061 4373 2263 4422 laudata
2299 4372 2561 4440 invenies).

701 4467 751 4533 2)
787 4467 886 4519 Csr.
921 4467 1078 4517 Eum.
1114 4478 1394 4532 349—353.

3394 3963 3431 4022 A
