<?xml version="1.0" encoding="UTF-8"?>
<!DOCTYPE html PUBLIC "-//W3C//DTD XHTML 1.0 Transitional//EN"
    "http://www.w3.org/TR/xhtml1/DTD/xhtml1-transitional.dtd">
<html xmlns="http://www.w3.org/1999/xhtml" xml:lang="en" lang="en">
 <head>
  <title>
</title>
<meta http-equiv="Content-Type" content="text/html;charset=utf-8" />
  <meta name='ocr-system' content='tesseract 3.04.00' />
  <meta name='ocr-capabilities' content='ocr_page ocr_carea ocr_par ocr_line ocrx_word'/>
</head>
<body>
  <div class='ocr_page' id='page_1' title='image "./dedeoaeschyleo01fiscgoog_0157.png"; bbox 0 0 3442 4975; ppageno 0'>
   <div class='ocr_carea' id='block_1_1' title="bbox 78 602 246 694">
    <p class='ocr_par' dir='ltr' id='par_1_1' title="bbox 78 602 246 694">
     <span class='ocr_line' id='line_1_1' title="bbox 78 602 246 694; baseline -0.018 -30"><span class='ocrx_word' id='word_1_1' title='bbox 78 604 99 664; x_wconf 84' lang='lat' dir='ltr'>h</span> <span class='ocrx_word' id='word_1_2' title='bbox 108 602 186 682; x_wconf 73' lang='lat' dir='ltr'><strong>ylus</strong></span> <span class='ocrx_word' id='word_1_3' title='bbox 235 677 246 694; x_wconf 91' lang='lat'><em>.</em></span> 
     </span>
    </p>
   </div>
   <div class='ocr_carea' id='block_1_2' title="bbox 73 740 182 800">
    <p class='ocr_par' dir='ltr' id='par_1_2' title="bbox 73 740 182 800">
     <span class='ocr_line' id='line_1_2' title="bbox 73 740 182 800; baseline -0.028 -19"><span class='ocrx_word' id='word_1_4' title='bbox 73 742 97 794; x_wconf 82' lang='lat' dir='ltr'><strong>S,</strong></span> <span class='ocrx_word' id='word_1_5' title='bbox 121 740 182 800; x_wconf 78' lang='lat' dir='ltr'><strong>qua</strong></span> 
     </span>
    </p>
   </div>
   <div class='ocr_carea' id='block_1_3' title="bbox 93 834 245 916">
    <p class='ocr_par' dir='ltr' id='par_1_3' title="bbox 93 834 245 916">
     <span class='ocr_line' id='line_1_3' title="bbox 93 834 245 916; baseline -0.02 -20"><span class='ocrx_word' id='word_1_6' title='bbox 93 834 176 896; x_wconf 76' lang='lat' dir='ltr'><strong>verba</strong></span> <span class='ocrx_word' id='word_1_7' title='bbox 239 909 245 916; x_wconf 23' lang='lat'><em>⁶</em></span> 
     </span>
    </p>
   </div>
   <div class='ocr_carea' id='block_1_4' title="bbox 73 971 169 1243">
    <p class='ocr_par' dir='ltr' id='par_1_4' title="bbox 73 971 169 1243">
     <span class='ocr_line' id='line_1_4' title="bbox 73 971 169 1020; baseline -0.042 -8"><span class='ocrx_word' id='word_1_8' title='bbox 73 971 169 1020; x_wconf 77' lang='lat' dir='ltr'><strong>SCHSU,</strong></span> 
     </span>
     <span class='ocr_line' id='line_1_5' title="bbox 73 1069 166 1142; baseline -0.065 -16"><span class='ocrx_word' id='word_1_9' title='bbox 73 1069 166 1142; x_wconf 60' lang='lat' dir='ltr'><strong>{stem</strong></span> 
     </span>
     <span class='ocr_line' id='line_1_6' title="bbox 88 1181 160 1243; baseline -0.056 0"><span class='ocrx_word' id='word_1_10' title='bbox 88 1181 160 1243; x_wconf 71' lang='lat' dir='ltr'><strong>facit</strong></span> 
     </span>
    </p>
   </div>
   <div class='ocr_carea' id='block_1_5' title="bbox 100 1305 152 1366">
    <p class='ocr_par' dir='ltr' id='par_1_5' title="bbox 100 1305 152 1366">
     <span class='ocr_line' id='line_1_7' title="bbox 100 1305 152 1366; baseline -0.019 -8"><span class='ocrx_word' id='word_1_11' title='bbox 100 1305 152 1366; x_wconf 72' lang='lat' dir='ltr'><strong>est,</strong></span> 
     </span>
    </p>
   </div>
   <div class='ocr_carea' id='block_1_6' title="bbox 74 1639 132 1704">
    <p class='ocr_par' dir='ltr' id='par_1_6' title="bbox 74 1639 132 1704">
     <span class='ocr_line' id='line_1_8' title="bbox 74 1639 132 1704; baseline -0.052 0"><span class='ocrx_word' id='word_1_12' title='bbox 74 1639 132 1704; x_wconf 68' lang='lat' dir='ltr'><strong>lod</strong></span> 
     </span>
    </p>
   </div>
   <div class='ocr_carea' id='block_1_7' title="bbox 1549 470 1664 536">
    <p class='ocr_par' dir='ltr' id='par_1_7' title="bbox 1549 470 1664 536">
     <span class='ocr_line' id='line_1_9' title="bbox 1549 470 1664 536; baseline 0.017 -2"><span class='ocrx_word' id='word_1_13' title='bbox 1549 470 1664 536; x_wconf 84' lang='lat'><strong>145</strong></span> 
     </span>
    </p>
   </div>
   <div class='ocr_carea' id='block_1_8' title="bbox 483 640 2743 2896">
    <p class='ocr_par' dir='ltr' id='par_1_8' title="bbox 483 640 2743 2896">
     <span class='ocr_line' id='line_1_10' title="bbox 483 640 2733 727; baseline 0.002 -24"><span class='ocrx_word' id='word_1_14' title='bbox 483 640 782 704; x_wconf 90' lang='lat' dir='ltr'><strong>homines</strong></span> <span class='ocrx_word' id='word_1_15' title='bbox 827 642 994 704; x_wconf 89' lang='lat' dir='ltr'><strong>hanc</strong></span> <span class='ocrx_word' id='word_1_16' title='bbox 1039 650 1244 706; x_wconf 84' lang='lat' dir='ltr'><strong>artem</strong></span> <span class='ocrx_word' id='word_1_17' title='bbox 1293 642 1596 705; x_wconf 88' lang='lat' dir='ltr'>docuisse</span> <span class='ocrx_word' id='word_1_18' title='bbox 1641 643 1893 707; x_wconf 88' lang='lat' dir='ltr'><strong>dicitur.</strong></span> <span class='ocrx_word' id='word_1_19' title='bbox 1932 644 1990 726; x_wconf 93' lang='lat'><strong>1)</strong></span> <span class='ocrx_word' id='word_1_20' title='bbox 2042 643 2273 708; x_wconf 87' lang='lat' dir='ltr'><strong>Cetera</strong></span> <span class='ocrx_word' id='word_1_21' title='bbox 2319 647 2511 722; x_wconf 88' lang='lat' dir='ltr'><strong>enim,</strong></span> <span class='ocrx_word' id='word_1_22' title='bbox 2562 666 2733 727; x_wconf 87' lang='lat' dir='ltr'><strong>quae</strong></span> 
     </span>
     <span class='ocr_line' id='line_1_11' title="bbox 485 755 2733 842; baseline 0.002 -25"><span class='ocrx_word' id='word_1_23' title='bbox 485 755 913 819; x_wconf 88' lang='lat' dir='ltr'><strong>Prometheus</strong></span> <span class='ocrx_word' id='word_1_24' title='bbox 961 777 1031 819; x_wconf 90' lang='lat' dir='ltr'><strong>se</strong></span> <span class='ocrx_word' id='word_1_25' title='bbox 1068 755 1447 819; x_wconf 90' lang='lat' dir='ltr'><strong>hominibus</strong></span> <span class='ocrx_word' id='word_1_26' title='bbox 1473 756 1732 819; x_wconf 88' lang='lat' dir='ltr'><strong>dedisse</strong></span> <span class='ocrx_word' id='word_1_27' title='bbox 1757 757 1933 836; x_wconf 86' lang='lat' dir='ltr'><strong>dicit,</strong></span> <span class='ocrx_word' id='word_1_28' title='bbox 1958 779 2185 826; x_wconf 62' lang='lat' dir='ltr'><strong>‚revera</strong></span> <span class='ocrx_word' id='word_1_29' title='bbox 2210 779 2440 821; x_wconf 91' lang='lat' dir='ltr'><strong>eorum</strong></span> <span class='ocrx_word' id='word_1_30' title='bbox 2465 759 2733 842; x_wconf 90' lang='lat' dir='ltr'><strong>propria</strong></span> 
     </span>
     <span class='ocr_line' id='line_1_12' title="bbox 489 871 2732 958; baseline 0.002 -25"><span class='ocrx_word' id='word_1_31' title='bbox 489 871 892 953; x_wconf 88' lang='lat' dir='ltr'><strong>eaedemque</strong></span> <span class='ocrx_word' id='word_1_32' title='bbox 937 893 1128 935; x_wconf 87' lang='lat' dir='ltr'><strong>verae</strong></span> <span class='ocrx_word' id='word_1_33' title='bbox 1174 881 1345 936; x_wconf 90' lang='lat' dir='ltr'><strong>artes</strong></span> <span class='ocrx_word' id='word_1_34' title='bbox 1383 880 1556 948; x_wconf 87' lang='lat' dir='ltr'><strong>sunt,</strong></span> <span class='ocrx_word' id='word_1_35' title='bbox 1583 872 1811 954; x_wconf 90' lang='lat' dir='ltr'><strong>quidni</strong></span> <span class='ocrx_word' id='word_1_36' title='bbox 1839 873 2038 954; x_wconf 76' lang='lat' dir='ltr'><strong>igitur</strong></span> <span class='ocrx_word' id='word_1_37' title='bbox 2061 875 2276 950; x_wconf 89' lang='lat' dir='ltr'><strong>etiam,</strong></span> <span class='ocrx_word' id='word_1_38' title='bbox 2304 895 2391 936; x_wconf 85' lang='lat' dir='ltr'><strong>ex</strong></span> <span class='ocrx_word' id='word_1_39' title='bbox 2414 873 2732 958; x_wconf 90' lang='lat' dir='ltr'><strong>Aeschyli</strong></span> 
     </span>
     <span class='ocr_line' id='line_1_13' title="bbox 487 985 2732 1068; baseline 0.001 -20"><span class='ocrx_word' id='word_1_40' title='bbox 487 985 757 1068; x_wconf 90' lang='lat' dir='ltr'><strong>quidem</strong></span> <span class='ocrx_word' id='word_1_41' title='bbox 830 996 1066 1062; x_wconf 91' lang='lat' dir='ltr'><strong>mente,</strong></span> <span class='ocrx_word' id='word_1_42' title='bbox 1139 988 1501 1053; x_wconf 86' lang='lat' dir='ltr'><strong>divinatio?</strong></span> <span class='ocrx_word' id='word_1_43' title='bbox 1571 990 1827 1054; x_wconf 90' lang='lat' dir='ltr'><strong>Deinde</strong></span> <span class='ocrx_word' id='word_1_44' title='bbox 1896 989 2312 1052; x_wconf 87' lang='lat' dir='ltr'><strong>oraculorum</strong></span> <span class='ocrx_word' id='word_1_45' title='bbox 2360 990 2599 1053; x_wconf 87' lang='lat' dir='ltr'><strong>veritas</strong></span> <span class='ocrx_word' id='word_1_46' title='bbox 2648 1010 2732 1052; x_wconf 86' lang='lat' dir='ltr'><strong>ex</strong></span> 
     </span>
     <span class='ocr_line' id='line_1_14' title="bbox 486 1101 2736 1186; baseline 0.001 -24"><span class='ocrx_word' id='word_1_47' title='bbox 486 1120 714 1164; x_wconf 87' lang='lat' dir='ltr'><strong>eorum</strong></span> <span class='ocrx_word' id='word_1_48' title='bbox 763 1103 1080 1183; x_wconf 88' lang='lat' dir='ltr'><strong>gravitate</strong></span> <span class='ocrx_word' id='word_1_49' title='bbox 1128 1101 1429 1179; x_wconf 87' lang='lat' dir='ltr'><strong>efficitur,</strong></span> <span class='ocrx_word' id='word_1_50' title='bbox 1478 1124 1630 1166; x_wconf 88' lang='lat' dir='ltr'><strong>nam</strong></span> <span class='ocrx_word' id='word_1_51' title='bbox 1679 1104 1733 1165; x_wconf 92' lang='lat' dir='ltr'><strong>si</strong></span> <span class='ocrx_word' id='word_1_52' title='bbox 1775 1103 1922 1184; x_wconf 91' lang='lat' dir='ltr'><strong>quis</strong></span> <span class='ocrx_word' id='word_1_53' title='bbox 1961 1102 2038 1164; x_wconf 91' lang='lat' dir='ltr'><strong>iis</strong></span> <span class='ocrx_word' id='word_1_54' title='bbox 2076 1112 2280 1184; x_wconf 88' lang='lat' dir='ltr'><strong>paret,</strong></span> <span class='ocrx_word' id='word_1_55' title='bbox 2308 1105 2552 1186; x_wconf 85' lang='lat' dir='ltr'><strong>optime</strong></span> <span class='ocrx_word' id='word_1_56' title='bbox 2578 1123 2736 1165; x_wconf 90' lang='lat' dir='ltr'><strong>suae</strong></span> 
     </span>
     <span class='ocr_line' id='line_1_15' title="bbox 487 1213 2733 1299; baseline 0.001 -23"><span class='ocrx_word' id='word_1_57' title='bbox 487 1216 727 1279; x_wconf 88' lang='lat' dir='ltr'><strong>servire</strong></span> <span class='ocrx_word' id='word_1_58' title='bbox 796 1215 985 1279; x_wconf 88' lang='lat' dir='ltr'><strong>saluti</strong></span> <span class='ocrx_word' id='word_1_59' title='bbox 1034 1216 1272 1280; x_wconf 90' lang='lat' dir='ltr'><strong>dicitur</strong></span> <span class='ocrx_word' id='word_1_60' title='bbox 1321 1213 1660 1299; x_wconf 89' lang='lat' dir='ltr'><strong>(Orestes),</strong></span> <span class='ocrx_word' id='word_1_61' title='bbox 1709 1236 2111 1298; x_wconf 89' lang='lat' dir='ltr'><strong>quamquam</strong></span> <span class='ocrx_word' id='word_1_62' title='bbox 2160 1237 2291 1279; x_wconf 91' lang='lat' dir='ltr'><strong>non</strong></span> <span class='ocrx_word' id='word_1_63' title='bbox 2338 1237 2597 1298; x_wconf 87' lang='lat' dir='ltr'><strong>semper</strong></span> <span class='ocrx_word' id='word_1_64' title='bbox 2644 1217 2733 1279; x_wconf 87' lang='lat' dir='ltr'><strong>ita</strong></span> 
     </span>
     <span class='ocr_line' id='line_1_16' title="bbox 486 1315 2731 1413; baseline 0 -22"><span class='ocrx_word' id='word_1_65' title='bbox 486 1328 742 1394; x_wconf 90' lang='lat' dir='ltr'><strong>videtur</strong></span> <span class='ocrx_word' id='word_1_66' title='bbox 786 1328 936 1412; x_wconf 91' lang='lat' dir='ltr'><strong>(Io),</strong></span> <span class='ocrx_word' id='word_1_67' title='bbox 985 1327 1226 1412; x_wconf 90' lang='lat' dir='ltr'><strong>quibus</strong></span> <span class='ocrx_word' id='word_1_68' title='bbox 1273 1339 1448 1394; x_wconf 88' lang='lat' dir='ltr'><strong>certe</strong></span> <span class='ocrx_word' id='word_1_69' title='bbox 1495 1315 1833 1413; x_wconf 82' lang='lat' dir='ltr'><strong>nunquam</strong></span> <span class='ocrx_word' id='word_1_70' title='bbox 1880 1329 2237 1408; x_wconf 87' lang='lat' dir='ltr'><strong>obsistitur,</strong></span> <span class='ocrx_word' id='word_1_71' title='bbox 2286 1350 2435 1393; x_wconf 91' lang='lat' dir='ltr'><strong>nam</strong></span> <span class='ocrx_word' id='word_1_72' title='bbox 2463 1327 2731 1393; x_wconf 85' lang='lat' dir='ltr'><strong>Orestes</strong></span> 
     </span>
     <span class='ocr_line' id='line_1_17' title="bbox 487 1441 2733 1531; baseline 0 -28"><span class='ocrx_word' id='word_1_73' title='bbox 487 1443 754 1506; x_wconf 88' lang='lat' dir='ltr'><strong>oraculo</strong></span> <span class='ocrx_word' id='word_1_74' title='bbox 786 1443 1062 1525; x_wconf 59' lang='lat' dir='ltr'><strong>,cogitur</strong></span> <span class='ocrx_word' id='word_1_75' title='bbox 1110 1452 1383 1507; x_wconf 89' lang='lat' dir='ltr'><strong>matrem</strong></span> <span class='ocrx_word' id='word_1_76' title='bbox 1405 1526 1410 1531; x_wconf 81' lang='lat'><strong>.</strong></span> <span class='ocrx_word' id='word_1_77' title='bbox 1431 1464 1618 1507; x_wconf 91' lang='lat' dir='ltr'><strong>suam</strong></span> <span class='ocrx_word' id='word_1_78' title='bbox 1667 1443 2046 1520; x_wconf 87' lang='lat' dir='ltr'><strong>interficere,</strong></span> <span class='ocrx_word' id='word_1_79' title='bbox 2084 1444 2159 1506; x_wconf 96' lang='lat' dir='ltr'><strong>Io</strong></span> <span class='ocrx_word' id='word_1_80' title='bbox 2186 1452 2405 1506; x_wconf 91' lang='lat' dir='ltr'><strong>autem</strong></span> <span class='ocrx_word' id='word_1_81' title='bbox 2433 1441 2733 1506; x_wconf 85' lang='lat' dir='ltr'><strong>maximis</strong></span> 
     </span>
     <span class='ocr_line' id='line_1_18' title="bbox 487 1555 2735 1639; baseline -0 -21"><span class='ocrx_word' id='word_1_82' title='bbox 487 1577 556 1618; x_wconf 92' lang='lat' dir='ltr'><strong>se</strong></span> <span class='ocrx_word' id='word_1_83' title='bbox 604 1557 870 1619; x_wconf 87' lang='lat' dir='ltr'><strong>induere</strong></span> <span class='ocrx_word' id='word_1_84' title='bbox 918 1556 1206 1632; x_wconf 82' lang='lat' dir='ltr'><strong>miseriiS,</strong></span> <span class='ocrx_word' id='word_1_85' title='bbox 1258 1555 1517 1618; x_wconf 86' lang='lat' dir='ltr'><strong>Xerxes</strong></span> <span class='ocrx_word' id='word_1_86' title='bbox 1566 1556 1849 1639; x_wconf 89' lang='lat' dir='ltr'><strong>denique</strong></span> <span class='ocrx_word' id='word_1_87' title='bbox 1898 1557 2000 1619; x_wconf 92' lang='lat' dir='ltr'><strong>dei</strong></span> <span class='ocrx_word' id='word_1_88' title='bbox 2046 1556 2386 1628; x_wconf 84' lang='lat' dir='ltr'><strong>voluntati,</strong></span> <span class='ocrx_word' id='word_1_89' title='bbox 2436 1557 2735 1638; x_wconf 87' lang='lat' dir='ltr'><strong>quamvis</strong></span> 
     </span>
     <span class='ocr_line' id='line_1_19' title="bbox 488 1668 2736 1754; baseline 0 -23"><span class='ocrx_word' id='word_1_90' title='bbox 488 1670 756 1747; x_wconf 85' lang='lat' dir='ltr'><strong>insciuS,</strong></span> <span class='ocrx_word' id='word_1_91' title='bbox 805 1669 1117 1732; x_wconf 89' lang='lat' dir='ltr'><strong>oboedire</strong></span> <span class='ocrx_word' id='word_1_92' title='bbox 1163 1669 1368 1752; x_wconf 84' lang='lat' dir='ltr'><strong>(Pers.</strong></span> <span class='ocrx_word' id='word_1_93' title='bbox 1417 1686 1549 1752; x_wconf 90' lang='lat'><strong>729</strong></span> <span class='ocrx_word' id='word_1_94' title='bbox 1595 1680 1659 1735; x_wconf 90' lang='lat' dir='ltr'><strong>et</strong></span> <span class='ocrx_word' id='word_1_95' title='bbox 1705 1692 1881 1754; x_wconf 90' lang='lat' dir='ltr'><strong>quae.</strong></span> <span class='ocrx_word' id='word_1_96' title='bbox 1923 1668 2333 1754; x_wconf 88' lang='lat' dir='ltr'><strong>sequuntur).</strong></span> <span class='ocrx_word' id='word_1_97' title='bbox 2386 1669 2607 1752; x_wconf 77' lang='lat' dir='ltr'><strong>Quam</strong></span> <span class='ocrx_word' id='word_1_98' title='bbox 2650 1670 2736 1732; x_wconf 90' lang='lat' dir='ltr'><strong>ob</strong></span> 
     </span>
     <span class='ocr_line' id='line_1_20' title="bbox 493 1783 2734 1867; baseline -0 -20"><span class='ocrx_word' id='word_1_99' title='bbox 493 1805 631 1847; x_wconf 87' lang='lat' dir='ltr'><strong>rem</strong></span> <span class='ocrx_word' id='word_1_100' title='bbox 702 1783 1085 1867; x_wconf 87' lang='lat' dir='ltr'><strong>Aeschylus</strong></span> <span class='ocrx_word' id='word_1_101' title='bbox 1153 1785 1370 1867; x_wconf 89' lang='lat' dir='ltr'><strong>ipsum</strong></span> <span class='ocrx_word' id='word_1_102' title='bbox 1431 1784 1813 1867; x_wconf 83' lang='lat' dir='ltr'><strong>Apollinem</strong></span> <span class='ocrx_word' id='word_1_103' title='bbox 1861 1786 2271 1848; x_wconf 83' lang='lat' dir='ltr'><strong>sanctitatem</strong></span> <span class='ocrx_word' id='word_1_104' title='bbox 2319 1784 2734 1847; x_wconf 87' lang='lat' dir='ltr'><strong>oraculorum</strong></span> 
     </span>
     <span class='ocr_line' id='line_1_21' title="bbox 503 1897 2737 1982; baseline -0.002 -18"><span class='ocrx_word' id='word_1_105' title='bbox 503 1901 936 1966; x_wconf 87' lang='lat' dir='ltr'><strong>affirmantem</strong></span> <span class='ocrx_word' id='word_1_106' title='bbox 1007 1902 1159 1965; x_wconf 87' lang='lat' dir='ltr'><strong>fecit</strong></span> <span class='ocrx_word' id='word_1_107' title='bbox 1224 1902 1412 1964; x_wconf 84' lang='lat' dir='ltr'><strong>Eum.</strong></span> <span class='ocrx_word' id='word_1_108' title='bbox 1485 1901 1652 1982; x_wconf 83' lang='lat'><strong>605:</strong></span> <span class='ocrx_word' id='word_1_109' title='bbox 1733 1905 1966 1978; x_wconf 75' lang='grc' dir='ltr'><strong><em>μάντις</em></strong></span> <span class='ocrx_word' id='word_1_110' title='bbox 2036 1899 2123 1962; x_wconf 82' lang='grc' dir='ltr'><strong><em>ὠν</em></strong></span> <span class='ocrx_word' id='word_1_111' title='bbox 2194 1897 2327 1961; x_wconf 76' lang='grc' dir='ltr'><strong><em>δὀὐ</em></strong></span> <span class='ocrx_word' id='word_1_112' title='bbox 2402 1901 2737 1980; x_wconf 74' lang='grc' dir='ltr'><strong><em>ψεύσομαι.</em></strong></span> 
     </span>
     <span class='ocr_line' id='line_1_22' title="bbox 497 2014 2741 2098; baseline -0 -21"><span class='ocrx_word' id='word_1_113' title='bbox 497 2016 754 2079; x_wconf 90' lang='lat' dir='ltr'><strong>Eodem</strong></span> <span class='ocrx_word' id='word_1_114' title='bbox 825 2017 1076 2079; x_wconf 87' lang='lat' dir='ltr'><strong>somnia</strong></span> <span class='ocrx_word' id='word_1_115' title='bbox 1146 2016 1486 2097; x_wconf 87' lang='lat' dir='ltr'><strong>pertinent,</strong></span> <span class='ocrx_word' id='word_1_116' title='bbox 1561 2035 1637 2078; x_wconf 90' lang='lat' dir='ltr'><strong>ea</strong></span> <span class='ocrx_word' id='word_1_117' title='bbox 1707 2015 1868 2090; x_wconf 67' lang='lat' dir='ltr'><strong>scil„</strong></span> <span class='ocrx_word' id='word_1_118' title='bbox 1940 2015 2177 2098; x_wconf 90' lang='lat' dir='ltr'><strong>quibus</strong></span> <span class='ocrx_word' id='word_1_119' title='bbox 2240 2035 2437 2098; x_wconf 85' lang='lat' dir='ltr'><strong>grave</strong></span> <span class='ocrx_word' id='word_1_120' title='bbox 2498 2014 2741 2096; x_wconf 89' lang='lat' dir='ltr'><strong>aliquid</strong></span> 
     </span>
     <span class='ocr_line' id='line_1_23' title="bbox 495 2127 2739 2211; baseline -0.001 -19"><span class='ocrx_word' id='word_1_121' title='bbox 495 2132 884 2207; x_wconf 89' lang='lat' dir='ltr'><strong>continetur,</strong></span> <span class='ocrx_word' id='word_1_122' title='bbox 935 2151 1086 2194; x_wconf 89' lang='lat' dir='ltr'><strong>nam</strong></span> <span class='ocrx_word' id='word_1_123' title='bbox 1135 2130 1220 2192; x_wconf 91' lang='lat' dir='ltr'><strong>de</strong></span> <span class='ocrx_word' id='word_1_124' title='bbox 1266 2131 1497 2192; x_wconf 90' lang='lat' dir='ltr'><strong>ceteris</strong></span> <span class='ocrx_word' id='word_1_125' title='bbox 1546 2130 1704 2211; x_wconf 90' lang='lat' dir='ltr'><strong>quid</strong></span> <span class='ocrx_word' id='word_1_126' title='bbox 1754 2127 1992 2193; x_wconf 89' lang='lat' dir='ltr'><strong>chorus</strong></span> <span class='ocrx_word' id='word_1_127' title='bbox 2040 2132 2290 2207; x_wconf 88' lang='lat' dir='ltr'><strong>sentiat,</strong></span> <span class='ocrx_word' id='word_1_128' title='bbox 2337 2138 2607 2211; x_wconf 89' lang='lat' dir='ltr'><strong>apparet</strong></span> <span class='ocrx_word' id='word_1_129' title='bbox 2653 2150 2739 2190; x_wconf 86' lang='lat' dir='ltr'><strong>ex</strong></span> 
     </span>
     <span class='ocr_line' id='line_1_24' title="bbox 497 2243 2743 2326; baseline -0.001 -19"><span class='ocrx_word' id='word_1_130' title='bbox 497 2265 597 2324; x_wconf 87' lang='lat' dir='ltr'><strong>e0‚</strong></span> <span class='ocrx_word' id='word_1_131' title='bbox 669 2244 849 2326; x_wconf 89' lang='lat' dir='ltr'><strong>quod</strong></span> <span class='ocrx_word' id='word_1_132' title='bbox 926 2243 1470 2325; x_wconf 85' lang='lat' dir='ltr'><strong>Clytaemestram</strong></span> <span class='ocrx_word' id='word_1_133' title='bbox 1519 2243 1602 2306; x_wconf 90' lang='lat' dir='ltr'><strong>de</strong></span> <span class='ocrx_word' id='word_1_134' title='bbox 1648 2243 2174 2326; x_wconf 87' lang='lat' dir='ltr'><strong>Agamemnonis</strong></span> <span class='ocrx_word' id='word_1_135' title='bbox 2219 2244 2503 2306; x_wconf 87' lang='lat' dir='ltr'><strong>adventu</strong></span> <span class='ocrx_word' id='word_1_136' title='bbox 2554 2251 2743 2326; x_wconf 85' lang='lat' dir='ltr'><strong>rogat</strong></span> 
     </span>
     <span class='ocr_line' id='line_1_25' title="bbox 491 2339 1875 2435; baseline 0 -17"><span class='ocrx_word' id='word_1_137' title='bbox 491 2357 733 2435; x_wconf 80' lang='lat' dir='ltr'><strong>Agam.</strong></span> <span class='ocrx_word' id='word_1_138' title='bbox 785 2355 948 2418; x_wconf 89' lang='lat'><strong>261:</strong></span> <span class='ocrx_word' id='word_1_139' title='bbox 1872 2339 1875 2342; x_wconf 26' lang='lat'><strong>⁴</strong></span> 
     </span>
     <span class='ocr_line' id='line_1_26' title="bbox 762 2466 2295 2554; baseline 0 -23"><span class='ocrx_word' id='word_1_140' title='bbox 762 2471 1004 2551; x_wconf 79' lang='grc' dir='ltr'><strong><em>πότερα</em></strong></span> <span class='ocrx_word' id='word_1_141' title='bbox 1051 2466 1108 2531; x_wconf 77' lang='grc' dir='ltr'><strong>δ’</strong></span> <span class='ocrx_word' id='word_1_142' title='bbox 1154 2467 1412 2552; x_wconf 73' lang='grc' dir='ltr'><strong><em>ὀνείρων</em></strong></span> <span class='ocrx_word' id='word_1_143' title='bbox 1459 2473 1741 2551; x_wconf 75' lang='grc' dir='ltr'><strong><em>φάσματ’</em></strong></span> <span class='ocrx_word' id='word_1_144' title='bbox 1788 2468 2028 2549; x_wconf 69' lang='grc' dir='ltr'><strong><em>εὐπιθῆ</em></strong></span> <span class='ocrx_word' id='word_1_145' title='bbox 2076 2469 2295 2554; x_wconf 69' lang='grc' dir='ltr'><strong><em>σέβειςς</em></strong></span> 
     </span>
     <span class='ocr_line' id='line_1_27' title="bbox 583 2584 1912 2667; baseline 0 -20"><span class='ocrx_word' id='word_1_146' title='bbox 583 2585 669 2647; x_wconf 90' lang='lat' dir='ltr'><strong>Et</strong></span> <span class='ocrx_word' id='word_1_147' title='bbox 715 2584 1188 2666; x_wconf 88' lang='lat' dir='ltr'><strong>Clytaemestra</strong></span> <span class='ocrx_word' id='word_1_148' title='bbox 1236 2585 1591 2667; x_wconf 90' lang='lat' dir='ltr'><strong>respondet</strong></span> <span class='ocrx_word' id='word_1_149' title='bbox 1637 2608 1700 2647; x_wconf 89' lang='lat' dir='ltr'><strong>v.</strong></span> <span class='ocrx_word' id='word_1_150' title='bbox 1753 2584 1912 2647; x_wconf 90' lang='lat'><strong>262:</strong></span> 
     </span>
     <span class='ocr_line' id='line_1_28' title="bbox 757 2696 2154 2783; baseline 0.001 -24"><span class='ocrx_word' id='word_1_151' title='bbox 757 2696 829 2759; x_wconf 76' lang='grc' dir='ltr'><strong><em>οὐ</em></strong></span> <span class='ocrx_word' id='word_1_152' title='bbox 876 2696 1068 2772; x_wconf 79' lang='grc' dir='ltr'><strong><em>δόξαν</em></strong></span> <span class='ocrx_word' id='word_1_153' title='bbox 1116 2700 1196 2763; x_wconf 78' lang='grc' dir='ltr'><strong><em>ἂν</em></strong></span> <span class='ocrx_word' id='word_1_154' title='bbox 1243 2696 1495 2783; x_wconf 78' lang='grc' dir='ltr'><strong><em>λάβοιμι</em></strong></span> <span class='ocrx_word' id='word_1_155' title='bbox 1545 2698 1873 2782; x_wconf 69' lang='grc' dir='ltr'><strong><em>βριζούσης</em></strong></span> <span class='ocrx_word' id='word_1_156' title='bbox 1919 2703 2154 2782; x_wconf 71' lang='grc' dir='ltr'><strong><em>φρενός.</em></strong></span> 
     </span>
     <span class='ocr_line' id='line_1_29' title="bbox 581 2790 2743 2896; baseline 0 -21"><span class='ocrx_word' id='word_1_157' title='bbox 581 2814 895 2877; x_wconf 88' lang='lat' dir='ltr'><strong>Attamen</strong></span> <span class='ocrx_word' id='word_1_158' title='bbox 965 2814 1283 2890; x_wconf 63' lang='lat' dir='ltr'><strong>videmus»,</strong></span> <span class='ocrx_word' id='word_1_159' title='bbox 1349 2790 2030 2896; x_wconf 87' lang='lat' dir='ltr'><strong>quantopereeadem</strong></span> <span class='ocrx_word' id='word_1_160' title='bbox 2079 2814 2313 2877; x_wconf 88' lang='lat' dir='ltr'><strong>mulier</strong></span> <span class='ocrx_word' id='word_1_161' title='bbox 2360 2834 2437 2875; x_wconf 95' lang='lat' dir='ltr'><strong>eo</strong></span> <span class='ocrx_word' id='word_1_162' title='bbox 2487 2815 2743 2875; x_wconf 89' lang='lat' dir='ltr'><strong>somnio</strong></span> 
     </span>
    </p>
   </div>
   <div class='ocr_carea' id='block_1_9' title="bbox 564 3072 2483 4684">
    <p class='ocr_par' dir='ltr' id='par_1_9' title="bbox 564 3072 2150 4602">
     <span class='ocr_line' id='line_1_30' title="bbox 564 3072 1150 3138; baseline -0.005 -17"><span class='ocrx_word' id='word_1_163' title='bbox 564 3073 609 3138; x_wconf 91' lang='lat'><strong>1)</strong></span> <span class='ocrx_word' id='word_1_164' title='bbox 645 3074 818 3122; x_wconf 74' lang='lat' dir='ltr'><strong>From.</strong></span> <span class='ocrx_word' id='word_1_165' title='bbox 855 3072 1150 3134; x_wconf 83' lang='lat'>486—501:</span> 
     </span>
     <span class='ocr_line' id='line_1_31' title="bbox 894 3160 2112 3231; baseline -0.002 -20"><span class='ocrx_word' id='word_1_166' title='bbox 894 3164 1123 3231; x_wconf 85' lang='grc' dir='ltr'><strong><em>τρόπους</em></strong></span> <span class='ocrx_word' id='word_1_167' title='bbox 1159 3180 1217 3210; x_wconf 77' lang='grc' dir='ltr'><strong>τε</strong></span> <span class='ocrx_word' id='word_1_168' title='bbox 1254 3160 1485 3219; x_wconf 84' lang='grc' dir='ltr'><strong><em>πολλοὺς</em></strong></span> <span class='ocrx_word' id='word_1_169' title='bbox 1520 3165 1786 3225; x_wconf 74' lang='grc' dir='ltr'><strong>μαντικῆς</strong></span> <span class='ocrx_word' id='word_1_170' title='bbox 1822 3162 2112 3225; x_wconf 74' lang='grc' dir='ltr'><strong><em>ἐστοίχισα,</em></strong></span> 
     </span>
     <span class='ocr_line' id='line_1_32' title="bbox 897 3251 1986 3323; baseline -0.005 -20"><span class='ocrx_word' id='word_1_171' title='bbox 897 3255 1119 3323; x_wconf 81' lang='grc' dir='ltr'><strong><em>κᾶκρινα</em></strong></span> <span class='ocrx_word' id='word_1_172' title='bbox 1157 3256 1362 3321; x_wconf 80' lang='grc' dir='ltr'><strong><em>πρῶτος·</em></strong></span> <span class='ocrx_word' id='word_1_173' title='bbox 1397 3253 1450 3307; x_wconf 69' lang='grc' dir='ltr'><strong>ἐξ</strong></span> <span class='ocrx_word' id='word_1_174' title='bbox 1487 3251 1775 3321; x_wconf 70' lang='grc' dir='ltr'><strong><em>ὀνειράτων</em></strong></span> <span class='ocrx_word' id='word_1_175' title='bbox 1812 3251 1845 3299; x_wconf 77' lang='grc' dir='ltr'><strong><em>ἃ</em></strong></span> <span class='ocrx_word' id='word_1_176' title='bbox 1883 3256 1986 3318; x_wconf 78' lang='grc' dir='ltr'><strong>χρὴ</strong></span> 
     </span>
     <span class='ocr_line' id='line_1_33' title="bbox 897 3344 2136 3415; baseline -0.008 -17"><span class='ocrx_word' id='word_1_177' title='bbox 897 3350 1043 3415; x_wconf 77' lang='grc' dir='ltr'><strong><em>ὕπαρ</em></strong></span> <span class='ocrx_word' id='word_1_178' title='bbox 1081 3349 1369 3413; x_wconf 72' lang='grc' dir='ltr'><strong><em>γενέσθαι,</em></strong></span> <span class='ocrx_word' id='word_1_179' title='bbox 1411 3345 1682 3411; x_wconf 72' lang='grc' dir='ltr'><strong><em>κληδόνας</em></strong></span> <span class='ocrx_word' id='word_1_180' title='bbox 1718 3364 1777 3393; x_wconf 66' lang='grc' dir='ltr'><strong>τε</strong></span> <span class='ocrx_word' id='word_1_181' title='bbox 1816 3344 2136 3411; x_wconf 77' lang='grc' dir='ltr'><strong><em>δυσκρίτους</em></strong></span> 
     </span>
     <span class='ocr_line' id='line_1_34' title="bbox 897 3434 2086 3505; baseline -0.004 -18"><span class='ocrx_word' id='word_1_182' title='bbox 897 3438 1138 3505; x_wconf 78' lang='grc' dir='ltr'><strong><em>ἓγνὼρισ’</em></strong></span> <span class='ocrx_word' id='word_1_183' title='bbox 1174 3439 1353 3493; x_wconf 59' lang='grc' dir='ltr'><strong><em>αὐτοῖς</em></strong></span> <span class='ocrx_word' id='word_1_184' title='bbox 1392 3436 1631 3493; x_wconf 68' lang='grc' dir='ltr'><strong><em>ἐνοδίους</em></strong></span> <span class='ocrx_word' id='word_1_185' title='bbox 1668 3454 1726 3483; x_wconf 63' lang='grc' dir='ltr'><strong>τε</strong></span> <span class='ocrx_word' id='word_1_186' title='bbox 1766 3434 2086 3494; x_wconf 72' lang='grc' dir='ltr'><strong><em>συμβόλους.</em></strong></span> 
     </span>
     <span class='ocr_line' id='line_1_35' title="bbox 902 3528 2111 3596; baseline -0.002 -17"><span class='ocrx_word' id='word_1_187' title='bbox 902 3531 1272 3596; x_wconf 73' lang='grc' dir='ltr'><strong><em>γαμψωνύχων</em></strong></span> <span class='ocrx_word' id='word_1_188' title='bbox 1308 3547 1366 3577; x_wconf 67' lang='grc' dir='ltr'><strong>τε</strong></span> <span class='ocrx_word' id='word_1_189' title='bbox 1403 3534 1605 3592; x_wconf 81' lang='grc' dir='ltr'><strong><em>πτῆσιν</em></strong></span> <span class='ocrx_word' id='word_1_190' title='bbox 1643 3530 1831 3577; x_wconf 70' lang='grc' dir='ltr'><strong><em>οἰωνῶν</em></strong></span> <span class='ocrx_word' id='word_1_191' title='bbox 1870 3528 2111 3594; x_wconf 68' lang='grc' dir='ltr'><strong><em>σκεθρῶς</em></strong></span> 
     </span>
     <span class='ocr_line' id='line_1_36' title="bbox 899 3617 1843 3689; baseline -0.003 -19"><span class='ocrx_word' id='word_1_192' title='bbox 899 3622 1120 3689; x_wconf 85' lang='grc' dir='ltr'><strong><em>διώρισ’,</em></strong></span> <span class='ocrx_word' id='word_1_193' title='bbox 1157 3617 1348 3677; x_wconf 68' lang='grc' dir='ltr'><strong><em>οἵτινές</em></strong></span> <span class='ocrx_word' id='word_1_194' title='bbox 1384 3639 1443 3669; x_wconf 65' lang='grc' dir='ltr'><strong>ἰε</strong></span> <span class='ocrx_word' id='word_1_195' title='bbox 1482 3619 1648 3675; x_wconf 75' lang='grc' dir='ltr'><strong><em>δεξιοὶ</em></strong></span> <span class='ocrx_word' id='word_1_196' title='bbox 1685 3619 1843 3678; x_wconf 72' lang='grc' dir='ltr'><strong><em>φύσιν</em></strong></span> 
     </span>
     <span class='ocr_line' id='line_1_37' title="bbox 896 3712 1927 3775; baseline -0.008 -11"><span class='ocrx_word' id='word_1_197' title='bbox 896 3714 1190 3774; x_wconf 61' lang='grc' dir='ltr'><strong><em>εὐωνύμους</em></strong></span> <span class='ocrx_word' id='word_1_198' title='bbox 1227 3732 1305 3771; x_wconf 70' lang='grc' dir='ltr'><strong>τε,</strong></span> <span class='ocrx_word' id='word_1_199' title='bbox 1347 3714 1433 3761; x_wconf 84' lang='grc' dir='ltr'><strong>καὶ</strong></span> <span class='ocrx_word' id='word_1_200' title='bbox 1471 3712 1695 3760; x_wconf 83' lang='grc' dir='ltr'><strong><em>δίαιταν</em></strong></span> <span class='ocrx_word' id='word_1_201' title='bbox 1734 3714 1927 3775; x_wconf 83' lang='grc' dir='ltr'><strong><em>ῆντινα</em></strong></span> 
     </span>
     <span class='ocr_line' id='line_1_38' title="bbox 901 3802 2123 3872; baseline -0.006 -17"><span class='ocrx_word' id='word_1_202' title='bbox 901 3805 1072 3872; x_wconf 75' lang='grc' dir='ltr'><strong><em>ἕχουσ’</em></strong></span> <span class='ocrx_word' id='word_1_203' title='bbox 1113 3802 1341 3862; x_wconf 67' lang='grc' dir='ltr'><strong><em>ἕκαστοι,</em></strong></span> <span class='ocrx_word' id='word_1_204' title='bbox 1381 3806 1467 3853; x_wconf 84' lang='grc' dir='ltr'><strong>καὶ</strong></span> <span class='ocrx_word' id='word_1_205' title='bbox 1505 3805 1636 3870; x_wconf 82' lang='grc' dir='ltr'><strong><em>πρὸς</em></strong></span> <span class='ocrx_word' id='word_1_206' title='bbox 1673 3802 1943 3868; x_wconf 78' lang='grc' dir='ltr'><strong><em>ἀλλήλους</em></strong></span> <span class='ocrx_word' id='word_1_207' title='bbox 1979 3803 2123 3857; x_wconf 68' lang='grc' dir='ltr'><strong><em>τίνες</em></strong></span> 
     </span>
     <span class='ocr_line' id='line_1_39' title="bbox 901 3892 2150 3965; baseline -0.006 -20"><span class='ocrx_word' id='word_1_208' title='bbox 901 3895 1104 3965; x_wconf 70' lang='grc' dir='ltr'><strong><em>ἔχθραι</em></strong></span> <span class='ocrx_word' id='word_1_209' title='bbox 1141 3916 1200 3946; x_wconf 79' lang='grc' dir='ltr'><strong>τε</strong></span> <span class='ocrx_word' id='word_1_210' title='bbox 1239 3898 1326 3944; x_wconf 78' lang='grc' dir='ltr'><strong>καὶ</strong></span> <span class='ocrx_word' id='word_1_211' title='bbox 1365 3895 1687 3961; x_wconf 74' lang='grc' dir='ltr'><strong><em>στέργηθρα</em></strong></span> <span class='ocrx_word' id='word_1_212' title='bbox 1728 3896 1815 3941; x_wconf 82' lang='grc' dir='ltr'><strong>καὶ</strong></span> <span class='ocrx_word' id='word_1_213' title='bbox 1852 3892 2150 3958; x_wconf 71' lang='grc' dir='ltr'><strong><em>συνεδρίαι·</em></strong></span> 
     </span>
     <span class='ocr_line' id='line_1_40' title="bbox 899 3984 2141 4053; baseline -0.006 -18"><span class='ocrx_word' id='word_1_214' title='bbox 899 3987 1226 4053; x_wconf 73' lang='grc' dir='ltr'><strong><em>σπλάγχνων</em></strong></span> <span class='ocrx_word' id='word_1_215' title='bbox 1264 4005 1319 4036; x_wconf 78' lang='grc' dir='ltr'><strong>τε</strong></span> <span class='ocrx_word' id='word_1_216' title='bbox 1359 3985 1632 4052; x_wconf 69' lang='grc' dir='ltr'><strong><em>λειότητα,</em></strong></span> <span class='ocrx_word' id='word_1_217' title='bbox 1671 3986 1759 4032; x_wconf 84' lang='grc' dir='ltr'><strong>καὶ</strong></span> <span class='ocrx_word' id='word_1_218' title='bbox 1796 3984 1982 4050; x_wconf 85' lang='grc' dir='ltr'><strong><em>χροιὰν</em></strong></span> <span class='ocrx_word' id='word_1_219' title='bbox 2017 3986 2141 4031; x_wconf 85' lang='grc' dir='ltr'><strong><em>τίνα</em></strong></span> 
     </span>
     <span class='ocr_line' id='line_1_41' title="bbox 899 4074 2013 4145; baseline -0.006 -16"><span class='ocrx_word' id='word_1_220' title='bbox 899 4078 1068 4145; x_wconf 67' lang='grc' dir='ltr'><strong><em>ἔχοντ’</em></strong></span> <span class='ocrx_word' id='word_1_221' title='bbox 1107 4079 1176 4129; x_wconf 83' lang='grc' dir='ltr'><strong><em>ἂν</em></strong></span> <span class='ocrx_word' id='word_1_222' title='bbox 1213 4078 1295 4145; x_wconf 72' lang='grc' dir='ltr'><strong>εἴη</strong></span> <span class='ocrx_word' id='word_1_223' title='bbox 1333 4079 1584 4138; x_wconf 72' lang='grc' dir='ltr'><strong><em>δαίμοσιν</em></strong></span> <span class='ocrx_word' id='word_1_224' title='bbox 1619 4078 1751 4143; x_wconf 80' lang='grc' dir='ltr'><strong>Ιπρὸς</strong></span> <span class='ocrx_word' id='word_1_225' title='bbox 1789 4074 2013 4139; x_wconf 75' lang='grc' dir='ltr'><strong><em>ἡδονήν,</em></strong></span> 
     </span>
     <span class='ocr_line' id='line_1_42' title="bbox 897 4168 1992 4237; baseline -0.006 -18"><span class='ocrx_word' id='word_1_226' title='bbox 897 4170 1060 4237; x_wconf 83' lang='grc' dir='ltr'><strong><em>χολῆς</em></strong></span> <span class='ocrx_word' id='word_1_227' title='bbox 1099 4170 1263 4231; x_wconf 73' lang='grc' dir='ltr'><strong><em>λοβοῦ</em></strong></span> <span class='ocrx_word' id='word_1_228' title='bbox 1299 4189 1357 4219; x_wconf 67' lang='grc' dir='ltr'><strong>τε</strong></span> <span class='ocrx_word' id='word_1_229' title='bbox 1395 4168 1644 4235; x_wconf 80' lang='grc' dir='ltr'><strong><em>ποικίλην</em></strong></span> <span class='ocrx_word' id='word_1_230' title='bbox 1683 4169 1992 4232; x_wconf 69' lang='grc' dir='ltr'><strong><em>εὖμορφίαν,</em></strong></span> 
     </span>
     <span class='ocr_line' id='line_1_43' title="bbox 901 4258 2094 4329; baseline -0.007 -18"><span class='ocrx_word' id='word_1_231' title='bbox 901 4267 1050 4329; x_wconf 82' lang='grc' dir='ltr'><strong><em>κνίσῃ</em></strong></span> <span class='ocrx_word' id='word_1_232' title='bbox 1088 4281 1147 4311; x_wconf 70' lang='grc' dir='ltr'><strong>τε</strong></span> <span class='ocrx_word' id='word_1_233' title='bbox 1187 4261 1321 4312; x_wconf 85' lang='grc' dir='ltr'><strong><em>κῶλα</em></strong></span> <span class='ocrx_word' id='word_1_234' title='bbox 1362 4260 1719 4326; x_wconf 72' lang='grc' dir='ltr'><strong><em>συγκαλυπτὰ</em></strong></span> <span class='ocrx_word' id='word_1_235' title='bbox 1760 4260 1846 4306; x_wconf 80' lang='grc' dir='ltr'><strong>καὶ</strong></span> <span class='ocrx_word' id='word_1_236' title='bbox 1881 4258 2094 4322; x_wconf 83' lang='grc' dir='ltr'><strong><em>μακρὰν</em></strong></span> 
     </span>
     <span class='ocr_line' id='line_1_44' title="bbox 899 4349 2134 4420; baseline -0.006 -18"><span class='ocrx_word' id='word_1_237' title='bbox 899 4354 1060 4413; x_wconf 82' lang='grc' dir='ltr'><strong><em>ὀσφῦν</em></strong></span> <span class='ocrx_word' id='word_1_238' title='bbox 1095 4353 1344 4420; x_wconf 76' lang='grc' dir='ltr'><strong><em>πυρώσας</em></strong></span> <span class='ocrx_word' id='word_1_239' title='bbox 1381 4351 1789 4417; x_wconf 75' lang='grc' dir='ltr'><strong><em>δυστέκμαρτον</em></strong></span> <span class='ocrx_word' id='word_1_240' title='bbox 1826 4350 1899 4405; x_wconf 77' lang='grc' dir='ltr'><strong><em>εἷς</em></strong></span> <span class='ocrx_word' id='word_1_241' title='bbox 1942 4349 2134 4413; x_wconf 74' lang='grc' dir='ltr'><strong><em>τέχνην</em></strong></span> 
     </span>
     <span class='ocr_line' id='line_1_45' title="bbox 896 4441 2055 4511; baseline -0.007 -17"><span class='ocrx_word' id='word_1_242' title='bbox 896 4445 1082 4496; x_wconf 83' lang='grc' dir='ltr'><strong><em>ὥδωσα</em></strong></span> <span class='ocrx_word' id='word_1_243' title='bbox 1127 4444 1380 4511; x_wconf 60' lang='grc' dir='ltr'><strong><em>θνητούς</em></strong></span> <span class='ocrx_word' id='word_1_244' title='bbox 1419 4446 1504 4492; x_wconf 78' lang='grc' dir='ltr'><strong>καὶ</strong></span> <span class='ocrx_word' id='word_1_245' title='bbox 1541 4441 1798 4507; x_wconf 75' lang='grc' dir='ltr'><strong><em>φλογωπὰ</em></strong></span> <span class='ocrx_word' id='word_1_246' title='bbox 1838 4442 2055 4505; x_wconf 77' lang='grc' dir='ltr'><strong><em>σήματα</em></strong></span> 
     </span>
     <span class='ocr_line' id='line_1_46' title="bbox 901 4531 2045 4602; baseline -0.007 -17"><span class='ocrx_word' id='word_1_247' title='bbox 901 4536 1272 4596; x_wconf 73' lang='grc' dir='ltr'><strong><em>ἐξωμμάτωσα,</em></strong></span> <span class='ocrx_word' id='word_1_248' title='bbox 1310 4535 1558 4602; x_wconf 60' lang='grc' dir='ltr'><strong><em>πρόσθεν</em></strong></span> <span class='ocrx_word' id='word_1_249' title='bbox 1594 4532 1703 4581; x_wconf 81' lang='grc' dir='ltr'><strong><em>ὅντ’</em></strong></span> <span class='ocrx_word' id='word_1_250' title='bbox 1742 4531 2045 4599; x_wconf 80' lang='grc' dir='ltr'><strong><em>ἐπάργεμα.</em></strong></span> 
     </span>
    </p>

    <p class='ocr_par' dir='ltr' id='par_1_10' title="bbox 2405 4638 2483 4684">
     <span class='ocr_line' id='line_1_47' title="bbox 2405 4638 2483 4684; baseline 0.013 -1"><span class='ocrx_word' id='word_1_251' title='bbox 2405 4638 2483 4684; x_wconf 93' lang='lat'><strong>10</strong></span> 
     </span>
    </p>
   </div>
  </div>
 </body>
</html>
