3442 4975
1768 432 1886 492 108

790 614 866 676 In
950 615 1159 678 From.
1240 615 1519 695 denique
1591 614 1793 676 totius
1862 615 2121 694 generis
2193 613 2461 676 humani
2536 615 2813 698 salutem
2886 616 2948 675 in

699 726 974 789 deorum
1043 703 1374 808 potestate·
1430 728 1712 809 positam
1784 748 1929 789 esse
2022 727 2341 803 videmuS,
2427 747 2581 788 cum
2653 726 2813 797 Ζεύς
2883 726 2949 788 id

700 840 915 902 delere
983 839 1280 914 voluerit,
1329 839 1762 902 Prometheus
1807 849 2027 904 tamen
2075 839 2202 902 hoc
2249 841 2680 922 impediverit.
2752 839 2945 920 Quae

698 955 918 1016 omnia
961 953 1340 1035 Aeschylus
1385 954 1611 1036 paucis
1638 953 1853 1016 verbis
1888 953 2405 1035 comprehendit,
2438 955 2663 1016 dicens
2690 954 2949 1032 (Agam.

708 1066 1204 1152 1448-1449)=
2136 1069 2155 1081 ἢ

1054 1179 1124 1240 id)
1175 1184 1258 1259 ἷή,
1303 1177 1436 1241 διαὶ
1486 1180 1638 1252 Διὸς
1685 1181 2039 1242 παναιτίου
2089 1178 2469 1261 πανεργέτα.

1055 1294 1118 1354 τί
1163 1296 1283 1372 γὰρ
1329 1296 1575 1378 βροτοῖς
1621 1296 1778 1356 ἄνευ
1828 1295 1978 1366 Διὸς
2025 1275 2342 1370 τελεῖταις

785 1407 953 1469 Cum
1025 1409 1222 1489 igitur
1291 1429 1390 1470 res
1460 1407 1787 1470 humanae
1861 1409 1955 1470 sic
2022 1410 2338 1484 eveniant,
2412 1417 2483 1471 ut
2552 1408 2708 1477 Ζεύς
2778 1410 2943 1484 vult,

699 1521 996 1583 homines
1064 1530 1285 1583 autem
1358 1543 1511 1583 suas
1583 1543 1686 1584 res
1756 1524 2005 1585 ratione
2066 1530 2133 1584 et
2192 1522 2469 1584 consilio
2516 1531 2766 1602 gerant,
2816 1543 2945 1584 non

695 1643 970 1716 possunt
1017 1655 1144 1696 non
1193 1637 1371 1716 ipsae
1418 1635 1759 1698 hominum
1806 1637 2231 1717 cogitationes
2254 1645 2319 1698 et
2344 1635 2777 1698 voluntatesa
2818 1636 2945 1698 deo

700 1750 852 1828 regi.
946 1747 1146 1828 Quod
1210 1748 1591 1831 Aeschylus
1655 1751 1963 1812 nimirum
2011 1749 2347 1826 intellexit,
2398 1769 2547 1812 nam
2594 1751 2767 1811 PerS.
2816 1748 2941 1828 763

699 1861 912 1943 Cyrus
959 1862 1196 1925 dicitur
1244 1863 1368 1923 deo
1419 1884 1548 1925 non
1597 1863 1753 1926 odio
1801 1863 2021 1940 fuisse,
2050 1865 2295 1946 quippe
2320 1864 2431 1946 qui
2462 1873 2632 1926 recte
2659 1873 2940 1945 saperet:

1055 1975 1204 2047 θεὸς
1249 1976 1370 2056 γὰρ
1419 1974 1528 2036 οὐκ
1577 1979 1882 2057 ἤχθηρεν,
1930 1976 2014 2047 ὡς
2062 1977 2308 2056 εὔφρων
2359 1975 2497 2056 ἔφυ.

789 2089 986 2152 Unde
1032 2088 1309 2152 etficitur
1355 2090 1552 2152 deum
1601 2091 1897 2172 potuisse
1948 2089 2219 2172 Cyrum,
2290 2092 2345 2153 si
2392 2092 2450 2154 ei
2500 2091 2656 2153 odio
2696 2091 2944 2165 fuisset,

697 2204 1066 2265 dementem
1117 2204 1349 2278 facere,
1398 2204 1463 2266 id
1511 2205 1692 2286 quod
1740 2206 2121 2268 conceditur
2167 2205 2345 2269 Pers,
2403 2204 2782 2286 105—106:

1226 2314 1567 2398 δολόμητιν
1616 2314 1672 2377 δ’
1719 2317 1988 2378 ἀπάταν
2038 2322 2193 2380 θεοῦ

1233 2430 1328 2503 τίς
1375 2429 1536 2512 ἀνὴρ
1585 2431 1833 2503 θνατὸς
1880 2427 2130 2508 ἀλύξει,-

787 2545 1013 2607 Etiam'
1075 2546 1317 2625 Agam.
1389 2547 1741 2627 891—892
1814 2547 2074 2624 dicitur,
2142 2548 2193 2608 si
2265 2547 2414 2628 quis
2480 2555 2653 2609 recte
2714 2546 2944 2627 sapiat,

695 2657 823 2719 hoc
873 2659 1236 2721 maximum
1284 2660 1534 2721 donum
1583 2661 1686 2722 dei
1734 2680 1920 2722 esse:

1496 2774 1604 2832 καὶ
1653 2772 1725 2832 τὸ
1769 2775 1852 2852 μὴ
1903 2774 2107 2845 κακῶς
2156 2779 2409 2854 φρονεῖν

1006 2886 1160 2945 θεοῦ
1205 2881 1503 2964 μέγιστον
1553 2882 1774 2966 δῶρον.
1835 2888 1891 2970 1)

787 2998 1033 3063 Contra
1101 3007 1350 3062 tantam
1419 3008 1813 3082 potestatem
1860 2999 2065 3063 homo
2112 3000 2268 3063 nihil
2317 3001 2489 3064 valet
2535 3002 2766 3084 (From.
2812 3018 2940 3081 902

695 3115 984 3197 -905)=

1004 3225 1323 3307 ἀπόλεμος
1368 3226 1470 3290 ὅδε
1518 3228 1573 3305 γ’
1623 3230 1660 3290 ό
1704 3226 1996 3308 πόλεμος,
2043 3229 2261 3309 ἄπορα
2310 3231 2591 3308 πόριμος,

1004 3338 1138 3402 οὐδ’
1185 3340 1308 3423 ἔχω
1358 3341 1458 3413 τίς
1504 3343 1584 3405 ἄν
1631 3340 1956 3421 γενοίμαν·

1006 3456 1127 3515 τὰν
1177 3455 1330 3527 Διὸς
1374 3456 1494 3536 γὰρ
1542 3455 1653 3537 οὐχ
1699 3456 1825 3536 δρῶ

1002 3572 1191 3646 μῆτιν
1227 3568 1372 3648 ὅποι
1419 3570 1675 3647 φύγοιμ’
1719 3571 1824 3629 ἄν.

781 3679 1001 3760 Quare
1048 3680 1325 3762 Pylades
1374 3679 1680 3745 Orestam
1728 3683 1823 3745 sic
1871 3690 2093 3745 monet
2141 3680 2438 3763 (Clzoe‘plz.
2488 3683 2679 3765 895):

1003 3792 1307 3865 ἅπαντας
1354 3795 1620 3876 ἐχθρούς
1667 3796 1800 3855 τῶν
1850 3799 2024 3856 θεῶν
2071 3800 2224 3874 ήγοῦ
2274 3790 2491 3872 πλέον,

694 3907 733 3969 i.
783 3927 839 3969 e.
890 3926 1117 3971 omnes
1163 3908 1461 3971 inimicos
1508 3909 1629 3971 diis
1677 3909 2007 3972 inferiores
2054 3919 2231 3991 puta.
2284 3909 2347 3991 2)

709 4176 724 4185 ,
764 4127 808 4193 1)
842 4129 974 4179 Vide
1007 4130 1157 4180 etiam
1191 4130 1335 4179 Pers.
1370 4140 1489 4195 470,
1527 4130 1809 4195 715—716‚
1844 4140 1957 4194 741,
1994 4129 2120 4189 8223
2154 4131 2335 4195 Agam.
2380 4130 2489 4193 126,
2526 4130 2640 4180 260.

760 4219 810 4285 2)
862 4220 944 4270 Sic
996 4222 1129 4271 enim
1180 4238 1293 4271 cum
1346 4222 1618 4271 Wecklino
1669 4228 1863 4271 vertere
1916 4222 2055 4270 haud
2101 4222 2294 4271 dubito·
2347 4222 2497 4284 Quod
2544 4222 2758 4287 primum
2807 4228 2940 4273 totus

691 4316 931 4364 sermonis
965 4322 1223 4365 contextus
1256 4316 1463 4381 flagitat,
1497 4332 1616 4367 nam
1651 4316 1853 4365 Orestes
1886 4313 2069 4365 dubius
2102 4314 2330 4376 haesitat,
2367 4321 2533 4364 utrum
2568 4314 2681 4364 voci
2716 4321 2938 4380 naturae,

690 4412 742 4453 ut
788 4406 934 4455 matri
979 4413 1150 4471 parcat
1197 4407 1436 4466 monenti,
1485 4422 1550 4455 an
1597 4405 1905 4455 minantibus
1950 4405 2203 4469 Apollinis
2248 4406 2415 4455 verbis
2461 4405 2627 4470 potius
2684 4404 2937 4467 oboediat,

689 4514 840 4561 quam
890 4498 956 4547 ob
1005 4514 1110 4547 rem
1157 4498 1370 4563 Pylades
1417 4499 1535 4549 dicit
1584 4497 1765 4547 melius
1809 4512 1917 4546 esse
1964 4512 2141 4546 omnes
2186 4497 2311 4547 alios
2344 4497 2531 4547 habere
2566 4498 2751 4560 hosteS‚
2785 4512 2937 4563 quam
