3442 4975
1656 467 1768 512 101

680 639 862 701 Deus
908 636 1325 719 Aeschyleus
1373 637 1568 718 igitur
1613 637 1731 700 fuit
1768 637 2173 700 immortalis.
2220 639 2466 715 Restat,
2518 646 2588 701 ut
2610 639 2831 720 quanti

589 753 750 815 haec
797 772 899 814 res
944 753 1026 814 sit
1071 752 1386 816 momenti
1434 771 1848 834 quaeramus,
1933 751 2100 814 Cum
2148 761 2214 816 et
2260 752 2423 818 deus
2470 761 2541 816 et-
2580 753 2835 814 animus

591 865 874 929 hominis
943 875 1207 930 aeterna
1271 867 1404 930 vita
1471 866 1741 942 fruatur,
1811 867 1975 930 deus
2041 865 2165 932 hac
2227 888 2315 928 ex
2358 875 2540 949 parte
2586 855 2864 928 homini'

589 1000 720 1042 non
771 981 978 1043 multo
1010 989 1311 1063 praestat.
1360 979 1489 1043 Sed
1540 980 1835 1063 Iuppiter
1880 981 2010 1043 iar'n
2050 989 2200 1044 ante
2239 989 2465 1047 natum
2490 979 2832 1043 hominum

591 1114 797 1175 genus
879 1095 1016 1178 fuit,
1087 1094 1426 1176 siquidem'
1480 1093 1708 1157 aether
1775 1103 1841 1156 et
1908 1103 2079 1158 terr-a
2144 1103 2211 1158 et
2277 1095 2533 1158 caelum
2604 1114 2831 1157 eorum

592 1228 830 1288 genere
876 1208 1246 1290 antiquiora
1290 1215 1442 1270 sunt
1488 1206 1672 1289 (haec
1712 1207 1887 1292 enim
1924 1209 2147 1270 omnia
2207 1208 2273 1270 in
2310 1207 2423 1270 illo
2471 1207 2875 1290 fragmento·

589 1319 958 1396 Heliadum,
1030 1321 1207 1402 quod
1276 1342 1340 1403 p.
1412 1321 1493 1400 63
1567 1321 1848 1398 laudavi,
1919 1321 2328 1403 appellantur
2371 1321 2581 1404 Ζεύς).
2674 1323 2831 1391 Ζεύς

589 1435 787 1516 igitur
830 1435 952 1498 fuit
997 1436 1160 1498 deus
1183 1436 1689 1517 antiquissimus,
1713 1436 2027 1500 Attamen
2052 1437 2117 1499 in
2146 1434 2459 1519 Aeschyli
2482 1437 2833 1516 tragoediis

587 1551 750 1621 Ζεύς
812 1561 1062 1632 patrem
1131 1559 1198 1613 et
1263 1569 1462 1614 avum
1529 1549 1837 1613 habuisse
1900 1549 2134 1615 dicitur
2191 1550 2268 1632 1).
2363 1549 2830 1631 Quaerendum

587 1663 783 1745 igitur
829 1673 949 1740 est,
999 1673 1220 1728 utrum
1268 1664 1646 1746 Aeschylus
1691 1664 1820 1727 hoc
1866 1665 2211 1736 crediderit
2257 1685 2481 1728 necne.
2542 1663 2610 1728 Si
2647 1666 2829 1729 >enim

586 1777 692 1840 ille
756 1788 942 1860 pater
1001 1788 1069 1841 et
1129 1800 1291 1842 avus
1352 1801 1439 1842 ex
1496 1786 1732 1862 poetae
1780 1788 1997 1842 mente
2039 1799 2375 1862 nunquam
2422 1779 2830 1851 exstiterunt,

583 1893 856 1955 omnino
925 1893 1013 1956 dii
1064 1894 1223 1957 Iove
1269 1914 1401 1956 non
1448 1894 1711 1957 fuerunt
1760 1895 2157 1976 antiquiores
2203 1902 2268 1956 et
2316 1893 2611 1975 Iuppiter
2662 1913 2827 1975 quo-

585 2006 944 2071 dammodo
990 2029 1078 2070 ex
1120 2008 1496 2070 aeternitate
1554 2009 1885 2070 exstitisse
1928 2007 2274 2072 videbitur.
2324 2037 2327 2040 ⁴
2374 2007 2561 2069 Haec
2608 2015 2825 2068 autem

583 2141 690 2184 res
751 2141 976 2184 revera
1035 2121 1254 2184 divino
1306 2122 1574 2184 numine
1618 2121 1821 2204 digna
1866 2131 2051 2198 esset,
2101 2141 2249 2183 curn
2297 2119 2439 2200 talis
2484 2121 2828 2183 aeternitas

583 2243 764 2298 tanto
813 2235 1367 2298 immortalitatem
1413 2243 1694 2317 superet,
1735 2243 1982 2317 quanto
2007 2234 2341 2297 hominem
2365 2234 2559 2298 deuS.⁴
2596 2232 2828 2297 Aeter-

583 2349 748 2411 nitas
797 2349 970 2411 enim
1018 2357 1082 2412 et
1130 2346 1442 2409 αὐτουσία
1487 2349 1579 2412 ita
1623 2349 1727 2411 dei
1772 2349 2036 2431 propria
2080 2356 2249 2424 sunt,
2301 2356 2371 2410 ut
2395 2346 2499 2409 his
2523 2345 2829 2411 tollendis

583 2463 798 2545 ipsum
846 2463 1043 2526 deum
1089 2462 1303 2526 tollas,
1355 2462 1418 2547 2)
1529 2496 1534 2501 ·

671 2576 966 2639 Klausen
1035 2577 1117 2639 de
1184 2576 1310 2639 hac
1377 2597 1446 2639 re
1515 2576 1670 2640 dicit
1741 2575 1995 2655 (.Theol
2065 2575 2309 2639 Aesch.
2372 2596 2437 2657 p.
2485 2575 2586 2657 6):
2654 2574 2743 2653 „S

584 2711 788 2753 unum
860 2690 1124 2753 fovebat
1190 2690 1572 2772 Aeschylus
1642 2710 1927 2753 errorem
1999 2690 2355 2772 ingentem,
2402 2710 2823 2753 communem

582 2802 985 2867 Graecorum
1056 2806 1374 2882 omnium,
1422 2804 1535 2887 qui
1580 2802 2135 2886 philosophorum
2181 2802 2825 2885 perscrutationibus,

582 2936 750 2999 quae
811 2918 1040 2998 poesin
1085 2918 1553 2998 perturbabant
1599 2899 2237 2999 et'eorrumpebanss
2284 2937 2415 2980 non
2461 2924 2634 2979 totos
2682 2936 2825 2978 sese

580 3030 912 3093 dederant.
987 3028 1225 3095 Ortum
1291 3032 1862 3113 putabat-‚Iovem
1930 3041 2205 3113 patrem,
2236 3030 2471 3093 ..fidem
2542 3028 2826 3092 habebat

579 3143 833 3207 fabulae
855 3145 1181 3226 antiquae,
1223 3166 1390 3227 quae
1415 3143 1773 3208 Saturnum
1798 3165 1837 3208 a
1863 3144 2024 3207 Iove
2048 3163 2349 3207 eversum
2374 3140 2822 3224 perhibebat’'.

582 3258 668 3320 Et
711 3256 912 3339 paulo
959 3258 1158 3321 infra:
1211 3258 1493 3340 „Neque
1532 3278 1648 3320 cur
1688 3258 1885 3321 fidem
1928 3257 2314 3320 detractare-t
2337 3255 2489 3318 huic
2513 3256 2822 3337 opinioni,

581 3372 897 3434 rationem
940 3371 1228 3436 habebat
1272 3371 1673 3454 AeschyluS‚
1723 3372 1900 3454 quia,
1948 3379 2025 3433 ut⁴
2068 3369 2298 3433 Graeci
2324 3390 2577 3447 omneS‚
2600 3370 2824 3432 omnia

579 3504 892 3565 apparere
981 3485 1096 3548 sibi
1177 3495 1586 3568 persuaserat
1670 3487 1737 3548 in
1804 3506 2022 3548 rerum
2092 3493 2341 3547 natura.
2435 3482 2533 3546 Ibi
2602 3483 2825 3545 omnia

581 3607 953 3677 nascuntur,
1002 3600 1227 3681 quidni
1275 3608 1464 3664 natus
1509 3602 1680 3663 esset
1726 3600 1922 3662 etiam
1971 3599 2255 3681 Iupiter?
2317 3598 2598 3660 Matrem
2646 3597 2821 3660 Iovis

577 3714 1010 3777 venerabatur
1075 3714 1431 3792 Tellurem,
1504 3723 1774 3777 matrem
1849 3723 1919 3777 et-
1984 3712 2320 3776 nutricem-
2372 3714 2689 3789 omnium,
2758 3720 2825 3775 et

577 3847 834 3891 summa
879 3828 1148 3911 quidem
1194 3825 1498 3909 pietate.''
1547 3828 1668 3891 Illa
1717 3837 1923 3891 mater
1968 3829 2180 3910 igitur,
2230 3848 2399 3910 quae
2438 3834 2577 3889 erat
2600 3827 2820 3889 nutrix

573 3942 895 4017 omnium,
959 3941 1322 4005 Klausenio
1384 3944 1522 4024 ipsa
1585 3952 1809 4006 nostra
1853 3951 2024 4005 terra
2070 3950 2226 4005 erat.
2318 3942 2553 4023 Itaque
2601 3940 2820 4016 miror,

577 4076 711 4138 quo
758 4055 960 4119 modo
996 4056 1053 4117 ei
1092 4054 1254 4119 illud
1278 4054 1632 4118 Heliadum
1668 4057 2110 4137 fragmentum
2159 4056 2343 4138 (Ζεύς
2387 4057 2558 4115 ἐστιν
2586 4100 2600 4113 .
2630 4101 2643 4113 .
2674 4100 2689 4114 .
2718 4054 2818 4136 γῆ)

578 4169 1132 4251 interpretandum
1202 4170 1547 4232 videretur.
1641 4170 1727 4232 Et
1783 4170 1835 4231 si
1882 4171 1940 4232 ei
1987 4168 2149 4240 Ζεύς
2196 4188 2277 4231 ex
2323 4167 2587 4231 Tellure
2632 4176 2820 4230 natus

648 4419 719 4498 ι).
759 4418 920 4470 Eum.
958 4419 1074 4482 631,
1113 4419 1285 4467 Prone.
1328 4381 1450 4479 1¹88;
1485 4417 1663 4467 Prom.
1701 4430 1815 4480 209.

642 4510 694 4573 2)
762 4510 900 4559 Calv.
938 4511 1102 4560 Instit.
1140 4512 1183 4575 Ι,
1226 4524 1299 4571 14,
1336 4524 1384 4573 3.
