3442 4975
524 602 695 665 hanc
755 600 842 663 ob
891 620 1027 662 rem
1074 598 1434 662 homicidas
1481 597 1808 681 persequi,
1858 597 2037 680 quod
2087 599 2247 668 Ζεύς
2292 595 2422 659 hoc
2467 592 2775 659 odiosum

524 737 732 800 genus
780 714 1124 778 hominum
1171 712 1675 797 compellatione
1723 733 1841 775 sua
1889 733 2021 775 non
2068 712 2339 795 dignum
2398 711 2779 775 iudicaverit

524 830 734 917 (Emu-
786 828 1203 912 349-353)=

701 940 1054 1023 σπεύδομεν
1103 939 1236 1003 αἵδ’
1281 938 1537 1021 ἀφελεῖν
1587 942 1739 1001 τινὰ
1788 937 1979 1001 τάσδε
2026 939 2356 1021 μερίμνας,

705 1057 880 1119 θεῶν
930 1054 986 1118 δ’
1033 1053 1334 1118 οὶτέλειαν
1385 1057 1590 1136 ἐμαῖσι
1639 1052 1852 1129 λιταῖς
1896 1054 2308 1136 ἐπικραίνειν.

706 1170 852 1254 μηδ’
899 1175 990 1244 εἷς
1034 1174 1322 1252 ἄγκρισιν
1373 1167 1614 1232 ἐλθεῖν·

706 1289 865 1359 Ζεύς
909 1288 1028 1367 γὰρ
1079 1286 1546 1365 αἱματοσταγές
1589 1281 1916 1364 ἀξιόμισον
1966 1283 2159 1356 ἔθνος
2210 1281 2351 1346 τόδε
2402 1280 2631 1365 λέσχας

710 1391 790 1473 οἷς
833 1396 1274 1481 ἀπηξιώσατο,

529 1526 594 1580 et
661 1539 723 1581 v.
799 1516 925 1597 388
996 1516 1224 1579 dicunt
1268 1515 1545 1599 ErInyes
1593 1536 1789 1578 suum
1839 1536 2077 1578 munus
2122 1536 2162 1578 a
2207 1514 2330 1578 diis
2378 1514 2501 1577 sibi
2547 1514 2775 1577 datum

537 1651 686 1694 esse
732 1630 819 1714 (v.
870 1628 1287 1712 385—389):

1065 1740 1164 1814 τίς
1212 1732 1324 1803 οὖν
1375 1739 1517 1803 τάδ’
1567 1741 1678 1825 οὐχ
1728 1740 1955 1816 ἅζεταί

1073 1867 1140 1905 τε
1189 1846 1296 1905 καὶ
1342 1841 1616 1906 δέδοικεν
1662 1845 1936 1929 βροτῶν,

1073 1947 1218 2026 ἐμοῦ
1267 1942 1476 2008 κλείων
1525 1948 1764 2027 θεσμόν

1072 2050 1183 2109 τὸν
1230 2051 1686 2129 μοιρόκραντον
1738 2050 1802 2109 ἐκ
1851 2050 2024 2111 θεῶν

1009 2221 1028 2235 ,Ι
1073 2147 1353 2211 δοθέντα
1399 2146 1648 2227 τέλεον,

536 2266 716 2349 quod
786 2267 961 2328 iussu
1032 2264 1226 2327 etiam
1296 2264 1573 2327 deorum
1644 2285 1950 2328 exercere
2016 2265 2341 2339 videntur,
2412 2284 2562 2327 nam
2612 2264 2781 2345 Sept.

535 2380 893 2458 682—684
959 2378 1200 2443 chorus
1270 2379 1424 2443 dicit
1486 2380 1763 2461 Erinyes
1808 2380 2047 2443 domos
2094 2402 2225 2444 non
2273 2381 2510 2443 intrare
2556 2381 2609 2442 si
2656 2379 2783 2442 diis

537 2516 718 2558 sacra
765 2495 921 2558 fiant
965 2495 1048 2558 ab
1096 2494 1516 2559 hominibus:

1527 2605 1903 2687 μελάναιγις
1949 2607 2059 2670 οὐκ

990 2701 1102 2770 εἶσι
1153 2707 1361 2789 δόμων
1411 2709 1693 2792 Ἐρινύς,
1739 2711 1898 2772 ὅταν
1951 2713 2014 2772 ἐκ
2064 2713 2261 2793 χερῶν

988 2813 1124 2871 θεοὶ
1174 2811 1413 2873 θυσίαν
1463 2809 1790 2894 δέχωνται.

629 2927 880 3006 Agam.'
945 2938 974 3005 5
991 2937 1206 3007 5-59
1275 2926 1557 3008 denique
1627 2935 1740 2989 aut
1806 2927 2058 3009 Apollo
2120 2935 2233 2990 aut
2282 2928 2413 2988 Pan
2462 2935 2576 2989 aut
2623 2926 2782 2995 Ζεύς

542 3042 775 3104 dicitur
825 3040 1076 3122 Erinyn
1124 3041 1378 3102 mittere
1425 3038 1521 3116 iis,
1570 3042 1680 3122 qui
1725 3041 1791 3102 in
1837 3041 2069 3103 avibus
2113 3049 2580 3123 peccaverunt:

1035 3152 1284 3225 ὕπατος
1329 3150 1386 3214 δ’
1435 3151 1596 3213 οὲίων
1646 3155 1687 3228 ἤ
1734 3174 1830 3225 τις
1875 3148 2213 3214 Ἀπόλλων

1033 3273 1071 3348 ἦ
1117 3269 1272 3329 Πὰν
1324 3272 1362 3348 ἤ
1406 3270 1566 3339 Ζεύς
1612 3270 2001 3349 οἰωνόθροον
2083 3336 2087 3338 ,

1031 3385 1182 3460 γόον
1232 3378 1506 3466 ὀξυβόαν

1035 3494 1237 3558 τῶνδε
1284 3494 1596 3576 μετοίκων
1644 3496 2097 3578 ὑστερόποινον

1037 3608 1269 3690 πέμπει
1320 3613 1690 3696 παραβᾶσιν
1745 3611 2034 3692 Ἐρινύν,

550 3735 615 3788 et
685 3728 826 3808 ipse
893 3725 1147 3808 Apollo
1217 3724 1484 3809 Choepk.
1545 3740 1667 3807 275
1746 3724 2017 3789 Orestae
2065 3721 2423 3810 προσβολὰς
2472 3724 2789 3805 Ἐρινύων

548 3838 850 3913 minatur,
933 3839 1053 3902 nisi
1119 3847 1373 3921 patrem
1445 3838 1810 3904 ulciscatur.
1884 3839 1939 3921 1)
2032 3839 2222 3920 Quae
2291 3838 2514 3901 omnia
2581 3840 2793 3903 verbis

551 3949 940 4027 Promethei,
1013 3952 1066 4013 si
1135 3949 1298 4014 haec
1359 3951 1745 4034 significant,
1795 3952 1975 4035 quod
2018 3954 2232 4035 primo
2280 3952 2511 4014 obtutu
2559 3953 2795 4036 signifi-

550 4087 696 4128 care
743 4066 1066 4144 videntur,
1115 4077 1501 4149 repugnant.

638 4178 852 4261 Supra
918 4188 1140 4242 autem
1212 4180 1336 4242 iam
1385 4181 1684 4263 apparuit
1735 4180 2012 4262 Erinyes
2058 4200 2255 4241 suum
2304 4202 2567 4259 munus,
2615 4182 2794 4265 quod

550 4295 701 4357 inde
745 4314 784 4356 a
828 4295 1043 4376 primo
1090 4303 1238 4357 ortu
1285 4294 1673 4371 habuerunt,
1721 4314 1856 4356 non
1903 4294 1967 4355 in
2015 4293 2177 4356 deos
2223 4295 2339 4357 sed
2387 4295 2452 4357 in
2498 4294 2793 4358 homines

624 4506 669 4572 1)
709 4521 757 4556 v.
791 4506 916 4570 265:
955 4509 1000 4555 εἰ
1033 4510 1107 4571 μὴ
1143 4505 1355 4566 μέτειμι
1389 4509 1483 4554 τοῦ
1518 4507 1725 4573 πατρὸς
1758 4507 1881 4561 τοὺς
1917 4505 2137 4562 αἰτίους.
