3442 4975
1700 387 1781 431 22

701 557 1379 621 Animadvertendum
1449 557 1734 638 denique
1800 565 1900 619 est
1946 556 2145 619 deum
2194 557 2560 620 inferorum
2608 558 2870 621 nomine

614 672 786 735 Iovis
832 671 1142 753 appellari
1191 670 1412 751 Suppl.
1463 688 1849 736 220—221:

972 783 1154 845 κοῖκεῒ
1193 783 1429 857 δικάζει
1478 783 1993 865 τοῖμπλακήμαΨ
2038 786 2120 859 ὡς
2170 785 2377 864 λόγος,

973 890 1131 958 Ζευς
1179 884 1372 959 ἄλλος
1416 889 1481 949 ἐν
1531 897 1835 968 καμοῦσιν
1882 890 2169 960 ὑστάτας
2221 887 2425 965 δίκας,

618 1002 772 1062 item
823 999 1042 1081 Suppl.
1102 1002 1478 1080 144—146:

1199 1103 1310 1163 τὸν
1357 1106 1563 1180 γάιον,
1612 1104 1725 1162 τὸν
1776 1099 2311 1175 πολυξενώτατον

1198 1208 1377 1283 Ζῆνα
1427 1206 1556 1265 τῶν
1607 1208 2009 1286 κεκμηκότων

1209 1304 1516 1386 ἱξόμεσθα
1563 1308 1679 1369 σὺν
1731 1303 2003 1383 κλάδοις,
2060 1307 2117 1389 1)

623 1426 688 1480 et
776 1417 996 1499 Suppl.
1082 1434 1212 1501 779
1295 1420 1520 1484 Iovem
1593 1420 1829 1483 eodem
1898 1420 2242 1498 vocabulO,
2315 1442 2449 1503 quo
2522 1420 2871 1495 Poseidon,

627 1536 882 1613 γαιάοχε
936 1532 1266 1614 implorari
1315 1538 1401 1608 (v.
1450 1535 1858 1614 778—779):
2080 1616 2085 1619 Ι

1294 1645 1541 1731 σεβίζου
1591 1644 1648 1707 δ’
1695 1644 1910 1718 ἱκέτας
1956 1645 2170 1724 σέθεν,

1291 1752 1549 1829 γαιάοχε
1600 1750 1961 1829 παγκρατὲς
2007 1752 2153 1826 Ζεῦ,

629 1881 797 1943 quae
864 1882 1020 1937 vox,
1092 1882 1493 1943 quamquam
1562 1861 1690 1924 hoc
1759 1862 1907 1925 loco
1976 1862 2155 1925 aliud
2226 1862 2386 1944 quid
2427 1863 2873 1943 significatae

630 1976 1009 2039 Poseidonis
1071 1975 1378 2037 ἐπίθετον
1430 1977 1513 2058 2),
1585 1985 1805 2039 tamen
1850 1979 2157 2060 potestati
2204 1998 2280 2040 ac
2328 1978 2630 2060 dignitati
2680 1977 2875 2040 huius

630 2090 735 2152 dei
805 2091 1051 2173 aliquid
1121 2092 1476 2155 detrectare
1543 2092 1822 2157 videtur.
1897 2092 1960 2175 3)
2029 2092 2263 2174 Neque
2332 2092 2607 2154 dubium
2656 2101 2754 2155 est
2800 2092 2877 2166 ei,

633 2206 745 2287 qui
795 2204 954 2287 legit
999 2205 1212 2271 From.
1270 2208 1469 2288 1089:
1523 2204 2036 2287 ξυντετάρακται
2088 2206 2151 2289 (a
2197 2206 2358 2268 Iove
2405 2205 2568 2287 scil.)
2616 2201 2879 2285 δἀῖθὴρ

634 2321 875 2400 πόντῳ,
969 2321 1126 2403 quin
1211 2321 1504 2403 Iuppiter
1576 2322 1762 2390 mari..
1806 2322 2001 2383 etiam
2071 2321 2363 2403 imperet.
2456 2318 2755 2393 Accedit,
2826 2318 2879 2379 si

634 2434 992 2497 Pausaniae
1039 2434 1196 2498 fides
1242 2434 1544 2498 habenda
1589 2444 1709 2513 est,
1758 2435 1938 2518 quod
1984 2433 2359 2518 Aeschylus
2408 2434 2623 2516 ipsum
2654 2433 2879 2496 Posei-

634 2547 875 2609 donem
924 2549 1100 2612 Iovis
1146 2551 1410 2612 nomine
1456 2548 1858 2630 significavit.
1904 2548 1975 2631 4)
2025 2551 2121 2612 Ut
2171 2569 2298 2610 uno
2348 2549 2629 2629 denique
2677 2547 2880 2610 verbo

640 2661 875 2738 dicam,
949 2683 1270 2725 omnes
1343 2663 1476 2724 dii
1526 2661 1776 2724 nihil
1824 2670 2046 2724 sunt
2091 2663 2277 2725 nisi
2325 2661 2882 2724 functiones

638 2785 795 2838 aut
863 2777 1403 2858 qualitates
1472 2776 1738 2838 Iovis
1792 2775 1856 2858 5)
1903 2777 2197 2858 exceptis
2248 2778 2388 2840 scil.
2439 2778 2536 2854 iis,
2589 2777 2699 2857 qui
2750 2794 2883 2838 me-

638 2910 774 2951 ram
824 2892 1158 2954 notionem
1207 2891 1560 2954 humanam
1609 2889 2002 2972 significant,
2055 2900 2125 2953 ut
2180 2892 2392 2976 Φόβος
2438 2890 2528 2974 6).

711 3016 755 3082 1)
791 3003 851 3064 In
907 3017 1118 3066 eandem
1170 3016 1469 3065 sententiam
1521 3014 1872 3079 Naegelsbach
1930 3015 2014 3079 (N.
2070 3015 2143 3064 H.
2180 3015 2363 3064 Theol.
2396 3032 2449 3080 p.
2485 3013 2630 3079 346):
2668 3013 2883 3075 „Hades

638 3108 701 3157 ist
765 3108 894 3157 eben
942 3125 1035 3158 nur
1085 3109 1175 3158 der
1225 3109 1351 3157 Zeus
1399 3108 1488 3156 der
1531 3107 1835 3171 -Unterwelt‚
1889 3107 2063 3171 Suppl.
2116 3119 2216 3170 230
2266 3106 2420 3172 (217),
2472 3107 2525 3171 ja
2576 3108 2703 3155 Zeus
2756 3105 2884 3154 wird

639 3200 930 3264 angerusen,
978 3200 1094 3249 dem
1129 3201 1330 3249 Frevler
1363 3199 1443 3249 die
1477 3199 1909 3265 spatvergeltende
1944 3198 2105 3248 Strase
2138 3214 2228 3248 aus
2260 3199 2351 3248 der
2387 3198 2663 3248 Unterwelt
2698 3197 2891 3246 heraus-

639 3292 904 3357 zusenden,
973 3291 1063 3341 Ch.
1132 3295 1229 3356 382
1297 3292 1451 3360 (377‚)
1515 3307 1709 3342 woraus
1761 3291 1874 3340 klar
1923 3291 2241 3354 hervorgeht,
2290 3290 2406 3338 dass
2455 3290 2592 3338 seine
2642 3287 2889 3337 strasende

640 3384 998 3432 Wirksamkeit
1049 3384 1188 3433 nicht
1221 3385 1333 3433 blos
1369 3385 1460 3433 auf
1486 3385 1570 3434 die
1607 3384 1863 3433 Oberwelt
1898 3383 2203 3432 beschrankt
2237 3383 2315 3442 ist,
2348 3382 2565 3431 sondern
2604 3382 2732 3430 auch
2768 3381 2893 3429 fiber

642 3476 724 3525 die
794 3475 970 3525 Krane
1037 3477 1126 3525 der
1195 3477 1469 3526 Unterwelt
1517 3478 1729 3540 versi'igt.
1788 3504 1855 3513 —
1908 3476 2068 3525 Aliter
2120 3474 2347 3524 Schmidt
2395 3473 2575 3540 (Ethik
2633 3489 2683 3536 p.
2742 3472 2890 3539 104):

645 3567 785 3629 „Der
840 3567 1104 3616 Ausdruck
1154 3567 1244 3616 des
1297 3571 1574 3632 Aeschylus
1624 3569 1772 3634 (Hik.
1826 3572 1962 3632 231),
2019 3569 2110 3616 das
2161 3565 2245 3615 ein
2295 3565 2507 3614 anderer
2554 3566 2681 3613 Zeus
2718 3563 2767 3611 in
2801 3562 2890 3611 der

645 3657 920 3705 Unterwelt
969 3657 1058 3705 das
1111 3658 1275 3707 Recht
1325 3660 1596 3718 verkunde,
1648 3661 1823 3709 betont
1874 3660 1925 3708 in
1960 3658 2382 3722 unzweideutiger
2418 3656 2589 3717 Weise
2626 3655 2709 3704 die
2748 3654 2891 3703 Selb-

645 3747 950 3812 slandigkeit
981 3748 1069 3797 des
1107 3749 1333 3799 HadeS.”
1370 3750 1727 3814 Naegelsbach
1769 3758 1936 3800 tamen
1968 3752 2115 3800 nobis
2149 3750 2347 3799 videtur
2380 3765 2487 3797 rem
2522 3763 2616 3797 acu
2651 3746 2893 3810 tetigisse.

648 3838 784 3887 Nam
815 3840 957 3896 Ζεὺς
993 3839 1153 3898 ἄλλος
1188 3848 1237 3890 et
1272 3841 1414 3900 Ζεὺς
1436 3843 1585 3906 γάιος
1615 3850 1664 3892 et
1698 3843 1841 3900 Ζεὺς·
1870 3843 2237 3909 καταχθόνιος
2262 3841 2443 3908 (Hom.
2470 3840 2615 3889 Iliad.
2654 3839 2752 3902 IX,
2773 3839 2895 3902 457)

648 3930 819 3980 omnia
852 3931 986 3980 idem
1018 3932 1318 3996 significant.
1354 3934 1454 3983 Cfr.
1488 3935 1636 3983 Paus.
1675 3935 1851 3984 Descr.
1890 3935 2133 3984 Graeciae
2170 3935 2241 3993 11,
2274 3947 2355 3995 24,
2402 3946 2493 3993 4—
2506 3945 2553 3997 5.

717 4024 766 4088 2)
832 4023 1111 4072 Scholiasta
1146 4025 1209 4072 ad
1243 4025 1376 4073 hunc
1411 4025 1578 4074 locum
1613 4032 1825 4074 annotat
1860 4026 2040 4091 πάσης
2078 4030 2178 4090 γῆς
2216 4027 2421 4091 κρατῶν
2457 4024 2585 4073 Ζεῦ.

718 4115 766 4181 3)
803 4116 1153 4181 Naegelsbach
1189 4116 1240 4165 id
1261 4123 1406 4166 vocat
1423 4117 1570 4177 „eine
1588 4119 1718 4182 Spur
1737 4119 1827 4166 der
1846 4117 2131 4166 Identitat.'’
2166 4117 2297 4166 Vide
2317 4117 2383 4165 N.
2407 4116 2476 4164 H.
2499 4116 2679 4166 Theol.
2702 4133 2752 4182 p.
2780 4129 2893 4179 132.

714 4208 766 4274 4)
838 4208 1112 4258 Pausaniae
1166 4210 1338 4258 Descr.
1391 4208 1630 4259 Graeciae
1683 4209 1756 4268 11,
1810 4221 1889 4270 24,
1944 4220 2002 4273 5:
2057 4208 2328 4275 Αἰσχύλος
2382 4208 2444 4256 δὲ
2499 4207 2525 4255 ὁ
2564 4207 2897 4276 Ειῖφορίοηός

653 4301 807 4351 καλεῖ
839 4302 948 4350 Δία
987 4303 1072 4350 καὶ
1111 4303 1201 4349 τὸν
1237 4303 1295 4349 ἓν
1334 4301 1610 4367 θαλάσσῃ.

720 4393 770 4459 5)
838 4395 922 4444 Sic
955 4395 1106 4443 etiam
1142 4394 1495 4458 Naegelsbach
1523 4393 1590 4442 N.
1630 4387 1709 4443 HL
1738 4392 1917 4442 Theol.
1950 4410 2001 4457 p.
2038 4405 2146 4456 137,
2187 4405 2265 4444 12.

720 4485 769 4552 6)
839 4487 1007 4535 Deum
1047 4485 1230 4544 Φόβον
1265 4485 1519 4549 Aeschylo
1554 4501 1739 4534 meram
1764 4485 2024 4534 notionem
2046 4500 2153 4534 esse
2170 4491 2306 4549 patet
2326 4501 2387 4534 ex
2404 4485 2583 4550 Suppl.
2605 4485 2896 4548 461—462:
