3442 4975
1635 399 1757 461 119

567 569 714 651 lege
762 565 1090 652 (δράσαντι
1141 568 1413 651 παθεῖν)
1449 568 1502 651 1)
1544 566 1841 650 neglecta
1867 589 1980 629 eos
2004 567 2190 630 malis
2214 567 2471 631 afficere
2495 568 2809 646 videatur,

566 684 678 765 qui
752 681 998 746 nullam
1047 693 1420 745 mereantur
1464 702 1769 763 poenam,
1818 690 1881 745 et
1926 682 1994 744 id
2042 683 2310 764 quidem
2358 691 2473 747 aut
2519 682 2708 745 nulla.
2742 703 2811 744 re

565 804 844 878 cogente
912 797 1056 881 (nisi
1129 795 1559 879 crudelitate),
1627 795 1741 858 au't
1812 805 2076 878 propter
2152 797 2419 858 nimiam
2456 797 2808 858 ‘hominum

566 908 938 973 felicitatem
1000 907 1324 994 (φθόνος);
1397 909 1599 971 modo
1645 908 1873 970 fraude
1916 919 1984 1000 et
2030 908 2187 972 dolo
2238 911 2326 972 uti
2373 910 2644 986 dicatur,
2695 911 2805 972 ubi

564 1022 701 1086 scil.
771 1020 949 1085 nulla
1017 1023 1190 1085 iusta
1255 1043 1450 1085 causa
1494 1022 1809 1104 puniendi
1857 1031 2094 1100 exstat,
2142 1032 2213 1086 ut
2259 1021 2556 1086 homines
2600 1024 2684 1086 ad
2731 1045 2807 1087 ea

562 1135 730 1226 facta
793 1135 1222 1213 adducantur,
1272 1156 1440 1219 quae
1488 1135 1798 1217 gravibus
1842 1137 2073 1217 poenis
2122 1136 2320 1218 digna
2364 1138 2511 1200 sint.
2585 1136 2806 1218 Quam

563 1254 650 1316 ob
712 1274 849 1316 rem
877 1263 880 1266 ’
909 1255 1110 1336 prius·
1151 1254 1510 1326 videamus,
1574 1249 1732 1332 quid
1780 1250 2121 1331 Aeschylo
2165 1251 2249 1313 de
2298 1251 2515 1314 divina
2560 1253 2808 1315 iustitia

564 1368 775 1430 visum
822 1368 922 1444 sit,
973 1376 1044 1430 ut
1090 1367 1328 1430 deinde
1373 1366 1457 1427 de
1503 1363 1607 1427 dei
1656 1365 1927 1426 veritate
1972 1373 2299 1445 agamus(

617 1595 728 1657 ·In
777 1595 1002 1657 mundi
1051 1590 1752 1676 generisquehumani
1800 1591 2275 1672 gubernatione
2322 1591 2502 1656 nulla
2536 1603 2803 1675 praeter

561 1708 665 1770 dei
714 1709 1071 1790 potentiam
1122 1708 1327 1772 virtus
1363 1707 1591 1770 ‘divina
1636 1713 1771 1768 tam
1820 1704 2150 1792 praeclare
2197 1706 2259 1768 in
2316 1705 2629 1787 Aeschyli
2676 1716 2801 1771 tra-

560 1822 812 1903 goediis
860 1821 1182 1884 celebrata
1229 1829 1345 1896 est,
1395 1839 1593 1902 quam
1643 1819 1899 1881 iustitia.
1951 1817 2334 1882 Occurrunt·
2360 1821 2623 1902 quidem
2655 1820 2799 1898 loci,

561 1935 668 1997 ubi
718 1934 882 1997 haec
930 1935 1171 1998 iustitia
1217 1933 1567 1996 desiderari
1615 1932 1889 2009 videtur,
1940 1953 2073 2014 quo
2120 1954 2175 1994 e.
2224 1954 2321 2015 gr.
2369 1935 2647 2014 pertinet
2694 1934 2803 1998 illa

559 2048 890 2132 Apollinis
937 2047 1266 2131 peroratio
1315 2043 1434 2119 ἔξω
1481 2051 1594 2108 τοῦ
1643 2049 2013 2127 πράγματος
2061 2046 2245 2110 Eum.
2299 2046 2687 2129 657-663:

824 2173 941 2250 ἐγὼ
989 2170 1074 2252 δέ,
1121 2168 1419 2249 Παλλάς,
1467 2168 1677 2234 τᾶλλα
1722 2170 1796 2232 θ’
1842 2173 1925 2245 ὡς
1973 2173 2321 2254 ἐπίσταμαι
2368 2214 2374 2218 -

829 2289 902 2349 τὸ
947 2290 1057 2350 σὸν
1107 2283 1540 2367 πόλισμα·και“
1587 2288 1864 2368 στρατὸν
1912 2285 2115 2360 τεύξω
2159 2285 2377 2367 μέγαν,

759 2419 764 2425 ’
820 2403 932 2462 ,καὶ
982 2398 1154 2463 τόνδ’
1202 2399 1472 2482 ἔπεμψα
1507 2401 1648 2462 «σῶν
1697 2398 1905 2480 δόμων
1956 2398 2265 2481 ἐφέστιον,

823 2516 997 2590 ὅπως
1042 2514 1286 2593 γένοιτο
1335 2517 1562 2588 πιστὸς
1609 2516 1669 2589 ἐς
1716 2519 1789 2577 τὸ
1837 2524 1969 2578 πᾶν
2018 2521 2243 2599 χρόνου

827 2635 929 2693 καὶ
980 2629 1154 2723 τόνδ’
1203 2633 1580 2712 ἐπικτήσαιο
1628 2637 1978 2715 σύμμαχον,
2027 2639 2175 2711 θεά,

748 2770 752 2774 ·
823 2749 926 2808 καὶ
976 2750 1125 2826 τοὺς
1173 2746 1424 2826 ἔπειτα,
1455 2738 1582 2809 ἱκαὶ
1633 2745 1777 2810 τάδ’
1824 2751 2067 2821 αιάνὼς
2111 2747 2281 2829 μένοι
2320 2774 2323 2780 ·

821 2861 1100 2943 στέργειν
1150 2863 1233 2924 τὰ
1282 2862 1486 2924 πιστὰ
1535 2860 1739 2925 τῶνδε
1790 2864 1939 2935 τούς
1983 2866 2385 2945 ἐπισπόρους.

645 2991 732 3053 Et
800 2990 1090 3053 Minerva
1159 2990 1508 3072 respondet
1554 3010 1627 3051 se
1673 3010 1861 3051 reum
1910 2988 2247 3053 absolvere
2297 3010 2427 3051 non
2476 2990 2654 3070 quod
2702 2992 2796 3053 sic

553 3105 608 3165 ei
673 3104 917 3167 iustum
963 3104 1274 3185 videatur,
1321 3104 1437 3166 sed
1485 3103 1639 3185 quia
1683 3111 1956 3165 matrem
2004 3123 2135 3165 non
2183 3102 2411 3165 habuit
2457 3102 2797 3185 genusque

553 3218 984 3281 masculinum
1055 3217 1244 3281 valde
1312 3218 1543 3299 diligit,
1613 3216 1733 3279 nisi
1805 3216 1986 3299 quod
2047 3215 2302 3277 caelebs
2352 3236 2612 3278 manere
2660 3217 2797 3279 vult

550 3330 734 3393 Eum.
783 3332 1170 3417 724—728:
2662 3340 2669 3345 ·

819 3444 966 3524 ἐμὸν
1018 3441 1152 3505 τόδ’
1202 3442 1406 3524 ἔργον,
1454 3440 1753 3505 λοισθίαν
1803 3448 2007 3525 κρῖναι
2058 3438 2256 3522 δίκην.

823 3562 1038 3637 ψῆφον
1088 3554 1145 3620 δ’
1193 3554 1464 3641 Ὀρέστῃ
1506 3554 1686 3636 τήνδ’
1732 3555 1849 3634 ἐγὼ
1899 3560 2359 3638 προσθήσομαι.

621 3790 666 3859 1)
719 3794 931 3858 Choeplae.
968 3804 1095 3858 3053
1140 3794 1284 3843 Pers.
1320 3794 1607 3858 804—805‚
1641 3784 1847 3858 passim.
1896 3792 2039 3856 Quae
2072 3794 2169 3856 lex,
2205 3794 2270 3843 ab
2306 3794 2561 3857 Aeschylo
2595 3800 2795 3856 statuta,

548 3901 650 3934 non
704 3885 1066 3934 confundenda
1110 3893 1185 3935 est
1231 3901 1346 3935 cum
1380 3885 1460 3951 iis,
1494 3900 1621 3949 quae
1655 3885 1888 3949 leguntur
1924 3885 2104 3934 Matth.
2139 3884 2203 3949 V,
2240 3884 2332 3948 38:
2382 3885 2611 3933 ’moi-cm
2625 3904 2677 3934 τε
2711 3887 2792 3933 ὅτι

547 3978 776 4045 ἐρρέθη,
824 3975 1148 4037 Ὀφθαλμὸν
1199 3977 1324 4025 ἀντὶ
1358 3977 1649 4037 ὀφθαλμοῦ
1686 3980 1774 4029 καὶ
1810 3976 2008 4027 ὀδόντα
2049 3977 2173 4024 ἀντὶ
2208 3976 2447 4034 ὀδόντος.
2516 3977 2793 4042 Aeschylus

547 4069 684 4118 enim
736 4069 878 4117 illam
928 4070 1095 4135 legem
1145 4069 1210 4118 ad
1260 4068 1488 4141 divinam
1545 4068 1786 4118 ultionem
1838 4068 2085 4117 referebat
2138 4066 2248 4133 (cfr.
2292 4068 2415 4117 haee
2463 4068 2605 4117 chori
2642 4069 2793 4117 verba

544 4160 726 4225 Agam-
767 4170 1118 4224 1522—1523:
2350 4138 2354 4143 .

665 4252 674 4260 '
1047 4255 1229 4312 μίμνει
1265 4250 1330 4302 δὲ
1366 4236 1652 4317 μίμνοντος
1688 4253 1747 4300 ἐν
1787 4249 1964 4317 θρόνῳ
1994 4251 2123 4308 Διὸς

1045 4345 1258 4393 παθεῖν
1293 4346 1386 4393 τὸν
1425 4342 1671 4411 ἕρξαντα·
1712 4344 1941 4402 θέσμιον
1978 4342 2100 4409 γάρ.

545 4435 616 4495 At
652 4434 804 4485 verba
837 4451 966 4501 quae
1001 4436 1140 4487 Iesus
1173 4435 1314 4485 affert
1347 4436 1413 4485 ad
1446 4436 1727 4485 humanam
1754 4433 1993 4485 ultionem
2026 4440 2268 4499 spectant.
