3442 4975
1768 389 1855 471 96

691 578 1078 642 immortalis
1148 598 1326 656 vem,
1395 578 1576 659 quod
1647 578 1731 640 ad
1802 579 2117 653 animum,
2188 579 2463 662 eiusque
2520 599 2699 642 mors
2748 580 2812 642 in
2860 600 2942 642 eo

689 695 813 758 sita
886 701 1010 773 est,
1104 693 1286 777 quod
1378 693 1761 756 Immortalis
1839 694 2098 756 animus
2184 693 2267 756 ab
2338 714 2613 775 corpore
2683 694 2942 758 mortali

693 815 1056 890 separatur.

779 920 949 985 Cum
1024 921 1235 1002 igitur·
1291 920 1588 984 homines
1667 941 1800 984 non
1868 923 2082 984 minus
2148 921 2586 984 immortalem
2656 919 2941 984 habeant

689 1036 979 1099 animum
1046 1054 1250 1117 quam
1319 1033 1406 1097 dii
1477 1036 1776 1118 spiritum
1852 1034 2308 1110 immortalem,
2388 1033 2740 1098 discrimen
2808 1055 2940 1096 non

687 1157 906 1233 potest
972 1170 1104 1212 non
1175 1149 1240 1211 in
1309 1168 1585 1231 corpore
1655 1150 1851 1213 situm
1922 1170 2085 1214 esse.
2181 1149 2322 1212 Iam
2396 1150 2593 1231 igitur
2654 1168 2756 1210 res
2801 1157 2942 1211 >tota

688 1262 929 1344 pendet
998 1284 1085 1326 ex
1152 1262 1274 1326 hac
1344 1263 1749 1347 quaestione,
1816 1273 2035 1327 utrum
2099 1264 2383 1327 numinis
2440 1263 2637 1325 divini
2700 1282 2941 1344 corpus

688 1376 1028 1458 proprium
1077 1378 1158 1440 sit
1204 1397 1428 1440 necne.
1506 1375 1576 1440 Si
1624 1379 1795 1440 enim
1845 1379 2193 1442 statuimus
2242 1379 2441 1440 deum
2490 1375 2940 1459 Aeschyleum

689 1509 820 1552 non
867 1490 1008 1553 sine
1048 1509 1324 1572 corpore
1364 1491 1789 1572 cogitandum
1823 1513 1990 1567 esse,
2016 1491 2177 1554 illud
2206 1510 2576 1573 cognomen
2602 1488 2941 1554 ἀθανάταν

689 1602 773 1665 ad
838 1601 1055 1665 solum
1119 1604 1445 1665 divinum·
1484 1624 1726 1685 corpus
1788 1606 1909 1668 erit
1952 1605 2537 1681 referendum,·sin
2587 1605 2826 1680 minuS,
2876 1603 2940 1666 id

689 1738 930 1780 nomen
997 1719 1087 1780 sic
1157 1718 1613 1802 accipiendum
1677 1721 1818 1796 erit,
1883 1729 1953 1782 ut
1998 1722 2163 1783 deus
2211 1722 2480 1783 omnino
2526 1741 2659 1783 non
2706 1720 2943 1784 babeat

689 1851 945 1912 corpuS,
995 1831 1172 1913 quod
1222 1834 1426 1895 emori
1474 1834 1703 1915 possit,
1746 1832 1957 1895 homo
2006 1843 2233 1897 contra
2278 1833 2537 1896 habeat.
2622 1834 2946 1916 Apparuit

689 1952 909 2006 autem
958 1944 1132 2026 (pag.
1181 1945 1291 2026 93)
1355 1944 1773 2027 Aeschylum
1840 1946 2038 2011 deum
2085 1946 2414 2009 interdum
2452 1947 2603 2009 sine
2648 1946 2941 2009 humano

689 2077 983 2140 corpore,
1030 2055 1417 2140 plerumque
1462 2069 1681 2123 tamen
1730 2081 1810 2122 eo
1854 2061 2225 2142 praeditum
2275 2061 2689 2142 cogitavisse,
2728 2082 2941 2145 neque

689 2171 889 2266 igitur
933 2191 1172 2253 corpus
1218 2172 1478 2235 divinae
1524 2183 1794 2238 naturae
1838 2176 2176 2257 proprium
2224 2195 2391 2251 esse,
2440 2195 2637 2258 quam
2688 2175 2775 2236 ob
2802 2195 2937 2238 rem

690 2304 811 2346 nos
859 2283 1035 2346 illam
1086 2286 1642 2368 immortalitatem
1689 2289 1783 2351 sic
1829 2290 2244 2371 accipiemus,
2295 2297 2367 2352 ut
2396 2289 2651 2353 divinus
2677 2291 2939 2372 spiritus

691 2419 1027 2481 nunquam
1077 2401 1334 2462 interire
1377 2402 1606 2483 possit,
1654 2423 1870 2487 neque
1915 2404 1978 2465 in
2018 2404 2273 2467 mortali
2314 2391 2589 2487 corpore
2628 2412 2936 2486 tanquam

691 2516 754 2577 in
799 2535 953 2579 vase
1013 2514 1097 2579 sit
1154 2516 1465 2594 inclusuS,
1536 2518 1718 2581 deus·
1760 2527 1979 2583 autem
2028 2540 2107 2581 eo
2157 2521 2323 2601 ipso,
2372 2519 2552 2602 quod
2601 2527 2937 2581 aeternum

690 2627 929 2692 habeat
997 2630 1316 2712 spiritum,
1393 2632 1937 2715 quotiescumque
2006 2632 2185 2709 velit,
2254 2632 2612 2696 humanam
2680 2632 2942 2695 aliudve

689 2763 930 2825 corpus
975 2744 1179 2824 possit
1226 2744 1514 2807 induere.
2321 2739 2326 2744 ’

703 2868 705 2873 “
779 2856 920 2919 Iam
990 2846 1152 2919 fere
1208 2856 1668 2938 intellegimuS,
1753 2877 1924 2940 quae
1990 2858 2071 2921 sit
2139 2858 2424 2920 numinis
2497 2858 2695 2921 divini
2762 2858 2940 2940 apud

688 2970 1105 3055 Aeschylum
1188 2971 1664 3034 immortalitaS.
1773 2971 1945 3034 Dico
2026 2970 2203 3054 apud
2276 2970 2714 3055 Aeschylum,
2787 2992 2939 3036 nam

689 3094 943 3174 constat
1023 3086 1198 3168 apud
1267 3084 1556 3149 Graecos
1641 3086 1970 3148 interdum
2055 3085 2139 3148 de
2207 3085 2483 3149 alicuius
2554 3088 2656 3149 dei
2730 3097 2943 3149 morte

690 3222 1059 3264 sermonem
1130 3200 1350 3275 fuisse,
1426 3202 1631 3263 immo
1694 3222 1847 3263 cum
1895 3200 2174 3263 aliorum
2222 3200 2500 3265 deorum
2546 3208 2691 3263 tum
2739 3202 2941 3282 ipsius

691 3315 866 3379 Iovis
911 3315 1285 3397 sepulcrum
1334 3314 1850 3377 demonstratum
1900 3312 2120 3376 fuisse.
2179 3312 2235 3393 1)
2316 3312 2447 3375 Hic
2494 3313 2735 3375 obiciat
2763 3313 2939 3375 -mihi

689 3428 919 3510 aliquis
1001 3430 1217 3509 ipsum
1307 3425 1727 3509 Aeschylum
1804 3424 2161 3489 ‘credidisse
2248 3426 2410 3488 deos
2485 3427 2649 3488 mori
2720 3446 2937 3507 posse,

690 3542 933 3624 quippe
979 3541 1090 3624 qui
1138 3540 1296 3602 deos
1343 3541 1409 3601 in
1455 3540 1802 3602 Tartarum
1849 3539 2142 3602 detortos
2188 3549 2302 3603 aut
2336 3539 2543 3603 ituros
2583 3538 2936 3603 induxerit.

692 3634 1003 3719 Concedo
1073 3673 1296 3718 revera
1365 3653 1519 3717 talia
1586 3654 1652 3715 in
1715 3654 1855 3715 eius
1905 3653 2141 3717 fabulis
2190 3674 2554 3729 occurrere,
2600 3674 2754 3718 ecce
2801 3653 2927 3715 loci

689 3768 952 3831 fatales:

688 3932 790 3980 und
825 3931 998 3981 zuletzt
1031 3931 1116 3979 ein
1153 3930 1206 3978 in
1240 3929 1416 3977 vollem
1455 3928 1614 3977 Sinne
1646 3945 1697 3976 so
1731 3944 1795 3977 zu
1832 3928 2128 3977 nennender
2171 3927 2791 3994 Unsterbliclekeitsglaube
2822 3926 2931 3975 sich

689 4023 951 4073 ausbilden
1003 4024 1073 4073 im
1127 4022 1341 4089 Gesolge
1392 4038 1493 4070 von
1547 4021 1981 4085 Erscheinungen,
2031 4021 2115 4069 die
2168 4020 2318 4069 theils
2364 4020 2454 4069 das
2500 4021 2933 4086 Emporkommen

690 4117 826 4177 alter,
873 4117 924 4164 in
970 4116 1059 4165 der
1105 4115 1312 4180 vorigen
1357 4114 1570 4163 Periode
1603 4112 1978 4161 unterdrilckter
2013 4111 2269 4160 Elemente
2304 4110 2393 4159 des
2428 4112 2699 4176 religiosen
2734 4111 2936 4161 Lebens

689 4209 952 4271 bedenten‚
985 4208 1132 4257 theils
1166 4208 1266 4256 den
1301 4206 1503 4255 Eintritt
1535 4221 1663 4269 ganz
1698 4219 1852 4253 neuer
1888 4202 2080 4261 Kraste,
2118 4202 2202 4251 die
2238 4202 2306 4250 im
2337 4202 2524 4251 Verein
2562 4203 2650 4253 mit
2686 4204 2803 4253 dem
2840 4220 2939 4253 neu

687 4301 1026 4362 gewordenen
1059 4299 1210 4348 Alten
1246 4298 1325 4346 ein
1364 4297 1553 4345 Drittes
1588 4312 1674 4344 aus
1707 4296 1813 4345 sich
1851 4295 2197 4359 hervorgehen
2235 4294 2451 4343 1assen.’'

763 4389 807 4456 1)
842 4391 921 4440 De
957 4390 1095 4439 Iovis
1129 4389 1356 4455 sepulcro
1391 4388 1509 4437 vide
1545 4388 1646 4436 Cic.
1681 4388 1748 4435 de
1782 4394 1882 4435 nat.
1918 4386 2143 4448 deorum,
2179 4386 2285 4446 111,
2320 4398 2401 4446 21,
2438 4396 2516 4449 53.
2555 4384 2659 4434 Csr.
2692 4386 2937 4451 Naegels-

690 4482 836 4543 bach,
871 4482 938 4532 N.
975 4482 1024 4532 h.
1062 4481 1243 4531 Theol.
1284 4480 1529 4532 Anmerk.
1564 4493 1594 4528 2
1629 4479 1696 4544 (p.
1734 4480 1869 4545 477).
