3442 4975
1692 404 1815 465 116

717 588 916 670 Quod
980 599 1202 652 autem
1250 590 1412 653 deus
1459 589 1680 656 omnia
1728 589 2139 670 singulorum
2186 585 2533 660 hominum
2581 603 2887 676 tempora
2962 618 2969 622 ·

627 713 692 767 et
737 712 980 768 aetates
1025 705 1382 779 constituit,
1432 713 1502 767 ut
1549 703 1831 786 legimus
1876 703 2108 786 fragm.
2160 703 2289 784 362
2334 706 2509 788 (pag.
2569 709 2695 770 108
2722 707 2879 770 edit.

630 817 928 900 Nauck):

895 927 1040 992 ἀλλ’
1089 935 1232 994 οὔτε
1285 927 1495 993 πολλὰ
1546 929 1863 1012 τραύματ’
1914 931 1979 991 ἐν
2028 929 2307 1012 στέρνοις
2354 928 2572 1016 λαβὼν

894 1050 1156 1128 θνῄσκει
1205 1069 1325 1123 τις,
1373 1047 1428 1106 εἷ
1470 1048 1554 1125 μὴ
1602 1044 1797 1127 τέρμα
1844 1043 2165 1128 συντρέχοι
2210 1043 2380 1130 βίου,

895 1157 1032 1222 οὔτ’
1082 1162 1147 1221 ἐν
1195 1157 1381 1243 στέγῃ
1434 1184 1527 1232 τις
1575 1161 1797 1240 ἣμενο;
1846 1157 1999 1241 παρ’
2048 1158 2233 1244 ἑστίᾳ

895 1279 1108 1353 φεύγει
1161 1298 1220 1335 τι
1269 1271 1512 1354 μᾶλλον
1561 1275 1674 1338 τὸν
1723 1272 2137 1354 πεπρωμένον
2184 1276 2399 1354 μόρον,
2460 1275 2521 1358 Ι)

628 1391 738 1471 qui
809 1389 936 1451 hoc
984 1388 1363 1473 Aeschylus
1412 1410 1542 1452 non
1589 1390 1810 1472 potius
1858 1388 2144 1453 infinitae
2192 1390 2546 1471 sapientiae
2596 1389 2873 1467 divinae,

630 1525 828 1586 quam
877 1524 1076 1566 caeco
1122 1504 1388 1567 arbitrio
1434 1503 1830 1568 attribuerit!
1880 1503 2206 1567 Videmus
2254 1504 2454 1585 igitur
2499 1503 2881 1567 hominibus

630 1619 850 1682 omnia
917 1641 956 1682 a
1025 1619 1151 1681 deo
1215 1620 1612 1702 contingere,
1677 1620 2009 1702 deumque
2056 1641 2171 1682 eos
2218 1628 2330 1682 aut
2377 1620 2464 1683 ita
2512 1635 2758 1700 regere,
2810 1628 2883 1681 ut

631 1733 713 1795 ad
758 1733 865 1814 pie
912 1732 1232 1815 beateque
1277 1733 1626 1797 vivendum
1675 1733 2055 1810 educentur,
2103 1743 2239 1810 aut,
2278 1733 2331 1794 si
2373 1732 2439 1794 in
2485 1743 2609 1794 sua·
2643 1733 2885 1814 impro-

630 1849 831 1911 bitate
873 1856 1312 1930 perseverent,
1359 1847 1660 1931 quamvis
1708 1849 2035 1913 interdum
2083 1869 2248 1924 sero,
2303 1856 2513 1910 morte
2540 1846 2883 1928 gravibus-

631 1983 759 2044 que
825 1973 978 2045 post
1045 1971 1322 2026 mortem
1393 1965 1620 2045 poenis
1685 1985 1802 2028 eos
1850 1963 2125 2027 afficere.
2199 1962 2460 2044 Quodsi
2507 1961 2883 2024 hominibus

632 2085 856 2139 sancte
925 2085 988 2138 et
1048 2077 1214 2138 iuste
1263 2076 1610 2139 vivendum
1661 2084 1780 2153 est,
1829 2077 1984 2158 quia
2018 2077 2193 2138 ‘deus
2241 2074 2367 2137 hoc
2416 2077 2501 2138 ita
2549 2074 2708 2149 vult,
2762 2072 2887 2137 hae

575 2223 580 2228 ·
627 2167 898 2253 virtutes
961 2189 1025 2250 in
1073 2189 1201 2262 deo
1250 2191 1391 2271 ipso
1441 2190 1711 2252 omnino
1759 2209 1890 2252 non
1938 2189 2291 2252 desiderari
2340 2189 2578 2251 debent
2630 2193 2721 2266 2).
2782 2187 2886 2249 De

630 2305 733 2367 his
784 2304 980 2385 igitur
1026 2304 1092 2366 in
1139 2303 1406 2385 reliquis
1452 2303 1772 2384 capitibus
1819 2303 2009 2366 nobis
2056 2302 2411 2365 dicendum
2458 2304 2593 2366 erit.

931 2443 1028 2450 ——

703 2505 748 2571 1)
782 2507 866 2554 Ab
905 2507 1026 2555 Iove
1059 2506 1192 2555 enim
1233 2509 1286 2554 τὸ
1323 2507 1672 2573 πεπρωμένον
1709 2504 2055 2569 proficiscitur.

699 2598 749 2664 2)
791 2598 894 2647 Csr.
931 2594 1064 2647 Petri
1097 2598 1238 2664 epist.
1273 2599 1318 2661 I,
1353 2612 1394 2661 1,
1436 2598 1524 2648 16:
1576 2597 1741 2663 (διότι
1780 2594 2113 2663 γέγραπται)
2156 2593 2336 2658 ‘'Ayaoo
2375 2595 2628 2658 γένεσθε,
2663 2593 2744 2641 ὅτι
2781 2594 2883 2656 ἐγὼ

631 2690 784 2755 ἅγιός
819 2694 940 2749 εἶμι.
978 2689 1043 2736 Et
1081 2690 1240 2739 Levit.
1279 2690 1374 2747 XI,
1409 2702 1491 2749 44,
1526 2699 1626 2753 453
1661 2689 1812 2748 XIX,
1848 2700 1895 2747 2,
1931 2688 2047 2746 XX,
2086 2699 2129 2749 7.
