3442 4975
1740 411 1863 473 126

786 611 987 672 Porro
1039 604 1243 668 Xerxi
1292 604 1669 684 imputatur,
1718 598 1899 681 quod
1925 598 2067 660 eius
2090 597 2417 659 exercitus
2439 597 2625 677 signa
2650 594 2928 656 deorum

685 723 971 806 abripuit
1013 719 1389 802 templaque
1436 718 1723 780 incendit
1768 721 1852 794 (v.
1902 712 2313 794 800-803):

999 835 1063 895 οἳ
1129 838 1245 911 γῆν
1313 829 1617 911 μολόντες
1681 825 1954 891 ‘EM-026³
2023 826 2094 888 ου
2164 827 2339 888 θεῶν
2388 825 2576 912 βρέτη

997 946 1270 1032 ᾐδοῦντο
1315 943 1518 1007 συλαν
1563 942 1702 1006 οὐδὲ
1750 946 2118 1024 πιμπράναι
2166 943 2339 1014 νεώς·-

995 1061 1194 1146 βωμοὶ
1242 1057 1533 1137 δὀῖιστοι,
1583 1055 1906 1138 δαιμόνων
1958 1057 2091 1141 [θ’]
2124 1053 2443 1137 ἱδρύματα
2510 1070 2515 1072 ’

997 1153 1592 1255 πρόρριζαφὺρδην
1639 1169 2152 1252 ἐξανέστραπται
2201 1171 2493 1254 βάθρων.

780 1291 1002 1374 Quam
1067 1290 1154 1352 ob
1213 1310 1350 1352 rem
1400 1290 1652 1364 ,,κακώς
1697 1284 2051 1368 δράσαντες
2098 1284 2207 1345 οὐκ
2261 1283 2569 1348 ἐλάσσονα
2617 1285 2929 1364 πάσχουσι

693 1408 776 1491 (v.
820 1405 1128 1484 804-80
1135 1405 1195 1488 5)
1243 1424 1606 1485 eorumque
1631 1403 1949 1466 cadavera
1972 1409 2351 1464 coacervata
2374 1400 2628 1462 tertiam
2654 1405 2933 1460 aetatem

690 1523 886 1585 etiam
934 1519 1171 1582 docent
1217 1519 1344 1602 (vv.
1395 1515 1811 1600 811—819):

957 1633 1042 1705 ὥς
1087 1631 1198 1716 ουχ
1246 1628 1526 1712 ὑπέρφευ
1575 1621 1829 1712 θνητὸν
1870 1631 2038 1692 ὄντα
2089 1631 2199 1711 χρὴ
2249 1632 2523 1709 φρονεῖ-ν.

961 1733 1136 1820 ὕβρις
1181 1735 1300 1816 γὰρ
1348 1731 1687 1806 ἐξανθουσ’
1739 1733 2061 1815 ἐκάρπωσε
2112 1735 2355 1812 στάχυν

960 1839 1137 1916 ἄτης,
1183 1835 1338 1898 ὅθεν
1388 1831 1802 1910 πάγκλαυτον
1848 1833 2050 1916 ἐξαμᾷ
2099 1833 2296 1916 θέρος.

960 1931 1218 1999 τοιαῦθ’
1265 1936 1530 2016 ὁρῶντες
1577 1932 1776 1999 τῶνδε
1826 1935 2165 2014 τοῖπιτίμια

959 2034 1268 2118 μέμνησθ’
1315 2032 1634 2116 Ἀθηνών
1679 2032 1997 2106 “Ελλάδος
2046 2058 2135 2112 τε,
2182 2031 2337 2115 μηδέ
2386 2057 2477 2104 τις

963 2139 1440 2220 ὑπερφρονήσας
1485 2138 1593 2201 τόν
1641 2140 1933 2218 παρόντα
1979 2133 2245 2215 δαίμονα

963 2236 1180 2304 ἄλλων
1229 2239 1520 2321 ἐρασθεὶς
1567 2235 1755 2321 ὄλβον
1806 2235 1979 2320 ἐκχέῃ
2024 2233 2237 2317 μέγαν.

965 2345 1124 2413 Ζεύς
1170 2363 1267 2401 τοι
1319 2337 1630 2418 κολαστὴς
1678 2343 1806 2403 των
1854 2337 2279 2418 ὑπερκόμπων
2326 2339 2493 2413 ἄγαν

965 2445 1380 2525 φρονημάτων
1426 2439 1708 2519 ἔπεστιν,
1758 2445 2031 2511 εὔθυνος
2076 2442 2290 2526 βαρύς.

787 2555 1164 2637 Aeschylus
1188 2557 1386 2637 igitur
1411 2553 1657 2638 ubi'que
1685 2556 2139 2617 necessitatem
2158 2542 2445 2617 divinam
2466 2549 2949 2635 (θεοβλάβειαν)

701 2680 918 2734 tuetur
977 2678 1042 2731 et
1109 2678 1328 2731 tamen
1376 2668 1570 2730 docet
1636 2667 1884 2730 homini
1931 2688 2203 2730 suorum
2252 2668 2575 2729 factorum
2625 2667 2944 2727 rationem

702 2783 1100 2847 reddendam
1169 2802 1334 2856 esse,
1417 2782 1602 2864 quasi
1675 2781 1834 2843 liber
1924 2790 2099 2843 esset
2192 2782 2257 2843 in
2348 2780 2629 2861 agendO.
2725 2778 2947 2861 Quam

704 2898 1152 2960 necessitatem
1221 2896 1508 2957 divinam
1585 2903 1650 2957 et
1716 2895 2071 2957 humanam
2142 2894 2524 2957 libertatem'
2573 2895 2810 2956 mirum
2883 2893 2948 2954 in

705 3012 977 3074 modum
1046 3012 1211 3073 inter
1255 3030 1326 3071 se
1374 3011 1773 3092 coniungere
1818 3008 2071 3072 videtur
2153 3008 2321 3069 Pers,
2374 3010 2745 3072 820—822.
2797 3006 2949 3068 Hoc

613 3183 617 3185 ,
704 3125 851 3187 loco
900 3125 1158 3187 Dareus
1205 3125 1393 3187 dicit:

871 3218 876 3223 ἱ
1060 3240 1217 3318 πρός
1262 3233 1450 3300 ταῦτ’
1501 3236 1738 3300 ἐκεῖνον
1786 3240 2129 3317 σωφρονεῖν
2178 3231 2532 3317 κεχρημένοι

1061 3350 1389 3416 πινύσκετ’
1440 3346 1746 3427 εὐλόγοισι
1795 3354 2294 3428 νουθετήμασιν,

1061 3462 1244 3541 λῆξαι
1293 3460 1767 3548 θεοβλαβοῦνθ’
1814 3464 2198 3544 ὑπερκόμπῳ
2245 3466 2490 3544 θράσει.

797 3578 970 3639 Nam
1017 3577 1166 3640 licet
1212 3578 1488 3640 verbum
1536 3576 1716 3658 quod
1763 3586 1863 3638 est
1908 3572 2093 3653 λῆξαι
2122 3584 2127 3589 “
2142 3596 2259 3657 per
2308 3596 2378 3637 se
2404 3583 2770 3657 spectatum
2802 3594 2953 3648 non,

711 3699 782 3752 ut
849 3690 1152 3753 Platnero
1221 3670 1506 3766 videturss
1578 3694 1632 3767 1)
1701 3690 1787 3751 ad
1858 3691 2136 3751 liberum
2206 3690 2553 3753 hominum
2617 3688 2954 3751 arbitrium

780 3926 826 3991 1)
858 3926 1060 3975 Platner
1111 3926 1176 3974 de
1229 3926 1326 3973 hoc
1377 3924 1491 3974 loco
1525 3925 1699 3975 scribit
1733 3928 1905 3991 (opere
1940 3926 2075 3975 laud.
2111 3942 2164 3991 p.
2200 3925 2449 3991 63-64):
2484 3926 2579 3987 „In
2618 3927 2718 3974 den
2752 3926 2959 3975 Persem

708 4025 898 4067 auszert
947 4017 1149 4077 DariuS,
1183 4016 1272 4065 der
1309 4016 1447 4065 Chor
1481 4017 1605 4065 solle
1639 4017 1798 4066 durch
1834 4017 1985 4067 weise
2022 4017 2419 4083 Ermahnungen
2454 4019 2555 4069 den
2588 4018 2781 4067 Xerxes
2804 4018 2957 4067 dahin
3007 4016 3012 4023 “

710 4114 1003 4175 vermiigen:
1043 4108 1206 4175 λῆξαι
1247 4108 1656 4169 θεοβλαβοῦντ’
1697 4110 2017 4177 ὑπερκόμπῳ
2056 4109 2308 4175 θράσει.”
2346 4111 2496 4159 Nach
2532 4111 2621 4159 der
2641 4113 2960 4175 Aeusserung

709 4201 799 4249 der
848 4202 1031 4249 Atossa
1082 4201 1168 4250 hat
1217 4217 1269 4250 er
1305 4202 1389 4249 die
1426 4201 1770 4265 Rathschlage
1806 4202 2085 4250 schlechter
2124 4202 2398 4251 Menschen
2435 4202 2629 4267 befolgt
2662 4201 2819 4268 (752).
2855 4202 2961 4249 Das

715 4293 871 4357 λῆξαι
917 4293 1024 4342 faut
1074 4294 1164 4343 der
1216 4294 1718 4358 Selbstbestimmung
1772 4310 1832 4343 zu
1880 4295 1982 4343 und
2032 4310 2085 4343 es
2119 4294 2256 4342 kann
2289 4294 2463 4357 daher,
2500 4310 2648 4343 wenn
2683 4293 2960 4357 Aeschylus

712 4385 852 4433 nicht
901 4385 1008 4434 sich
1059 4386 1211 4435 selbst
1265 4386 1668 4451 widersprechen
1716 4386 1833 4450 soll,
1868 4386 2009 4435 nicht
2044 4388 2155 4435 eine
2194 4382 2545 4447 θεοβλάβεια
2582 4386 2804 4452 gemeint
2838 4386 2960 4444 sein,

712 4477 902 4526 welche
936 4479 1036 4525 den
1074 4477 1354 4527 Menschen
1390 4477 1693 4541 dergestallt
1734 4478 1824 4526 mit
1858 4478 2119 4527 Blindheit
2154 4478 2349 4543 schlagt
2383 4480 2486 4527 und
2521 4479 2731 4541 bethiirt,
2768 4479 2882 4527 dass
2912 4494 2964 4527 er
