3442 4975
1647 404 1727 471 33

570 577 881 659 Pelasgus
933 577 1268 639 Danaides
1317 585 1558 653 monet,
1609 584 1680 638 ut
1709 577 2078 660 supplicent
2122 578 2282 640 diis
2323 579 2722 656 domesticiS,
2759 578 2816 660 1)

565 691 804 755 chorus
873 701 1097 755 autem
1160 692 1472 754 continuo
1535 690 1972 755 clarissimum
2018 691 2181 756 illud
2230 713 2490 756 carmen
2538 693 2809 769 orditur,

564 807 679 869 sed
725 808 789 867 in
835 804 1044 867 solius
1095 805 1268 867 Iovis
1315 803 1616 886 gloriam.

679 919 872 1000 Quae
941 920 1163 981 omnia
1258 928 1329 982 ut
1421 919 1707 982 breviter
1776 918 2353 1001 comprehendam,
2418 927 2690 1002 apparet
2748 920 2813 981 in

565 1032 908 1117 Aeschylo
975 1034 1110 1095 vim
1180 1033 1668 1096 consuetudinis
1738 1054 1778 1096 a
1845 1022 2137 1115 patribus
2198 1040 2504 1116 acceptae
2550 1054 2704 1095 cum
2750 1034 2813 1095 vi

566 1147 829 1210 rationis
877 1155 942 1210 et
986 1147 1274 1210 veritatis
1319 1167 1672 1229 pugnasse,
1721 1149 1909 1210 cuius
1954 1168 2217 1230 pugnae
2266 1147 2371 1211 hic
2420 1148 2537 1210 fuit
2576 1147 2812 1222 exituS,

568 1270 639 1324 ut
706 1260 923 1323 verbis
986 1261 1312 1325 interdum
1358 1261 1580 1343 plures
1627 1262 1789 1324 deos
1837 1263 2176 1344 acceperit,
2224 1282 2292 1325 re
2338 1270 2559 1325 autem
2610 1282 2814 1324 unum

566 1375 762 1437 deum
833 1396 977 1437 esse
1047 1374 1418 1452 crediderit,
1467 1362 1622 1438 cum
1669 1376 1898 1440 Iovem
1946 1385 2285 1457 tantopere
2331 1375 2695 1453 extolleret,
2746 1384 2816 1439 ut

565 1490 672 1552 alii
721 1490 824 1552 cui
874 1490 999 1551 deo
1047 1489 1265 1552 nullus
1313 1489 1786 1573 relinqueretur
1831 1490 2037 1553 locus,
2088 1489 2257 1553 Cum
2305 1491 2503 1573 igitur
2543 1490 2814 1552 demon—

567 1603 926 1679 straverim,
995 1603 1179 1685 quod
1251 1600 1452 1679 volui,
1526 1604 1656 1665 iam
1728 1603 1933 1666 altero
2005 1606 2216 1687 capite
2284 1604 2485 1668 fatum
2536 1603 2811 1688 (Μοῖρα)

567 1717 726 1799 quid
773 1716 894 1779 sibi
941 1717 1115 1792 velit,
1165 1716 1456 1780 breviter
1500 1737 1854 1799 exponam.

566 1966 730 2026 fuisse,
780 1966 868 2017 sed
918 1966 1045 2016 haec
1099 1965 1270 2015 omnia
1320 1966 1510 2031 optime
1561 1967 1880 2017 consentiunt
1928 1984 2040 2016 cum
2074 1966 2265 2027 ceteris,
2297 1967 2533 2031 quoniam
2570 1964 2813 2033 ἀλάστωρ

567 2066 642 2107 est
691 2074 854 2120 causa,
889 2058 1081 2107 Xerxes
1116 2064 1166 2107 et
1199 2057 1378 2107 Graeci
1413 2064 1528 2107 sunt
1562 2058 1903 2121 instrumenta,
1938 2058 2061 2107 deus
2096 2074 2215 2107 vero
2249 2046 2439 2107 veldii
2473 2057 2712 2109 vindices.
2748 2086 2815 2095 —

568 2149 698 2199 Vide
750 2149 901 2199 etiam
953 2148 1095 2200 Pers.
1153 2156 1432 2211 733—741,
1479 2148 1566 2199 ubi
1603 2150 1788 2198 Darius
1824 2150 2006 2198 Xerxis
2040 2148 2326 2215 superbiam
2360 2164 2563 2199 causam
2611 2148 2812 2199 calami-

567 2240 679 2289 tatis
713 2240 948 2305 appellat.

640 2329 686 2397 1)
753 2332 926 2397 Suppl.
965 2343 1254 2396 503—504:
1296 2334 1458 2390 θεοὺς
1495 2332 1778 2399 ἐγχωρίους
1816 2332 1990 2391 λιταῖς
2024 2338 2310 2399 παραιτοῦ.

1457 3383 1794 3393 .ae.-.—.—.———-
1807 3387 1941 3392 -.-—.-...
