3442 4975
1711 375 1798 455 76

631 569 905 632 eandem
951 566 1192 630 habere
1237 565 1371 628 vim
1417 565 1592 647 apud
1640 565 1961 643 homines,
2011 575 2321 629 concreto
2368 587 2643 649 corpore
2688 586 2879 648 prae-

629 684 800 746 ditos
872 688 936 744 et
1002 699 1278 762 corpore
1337 678 1629 760 privatos
1695 687 2010 742 mortuos
2105 680 2277 744 Nam
2344 681 2566 763 quoad
2618 681 2877 743 animus

628 798 694 860 in
741 815 1015 878 corpore
1060 793 1326 870 habitat,
1375 811 1506 854 non
1551 784 1770 874 potest
1816 793 1871 855 is
1920 814 2161 876 corpus
2201 795 2492 877 quodam
2521 794 2721 858 modo
2747 814 2879 856 non

628 931 855 994 regere
945 909 1271 990 variisque
1359 905 1617 969 afficere
1707 906 2070 972 affectibus,
2162 906 2391 991 Itaque
2482 909 2559 971 si·
2622 910 2878 972 animus

629 1024 908 1089 hominis
975 1022 1106 1086 vivi
1169 1021 1449 1102 angitur,
1520 1019 1758 1083 multas
1820 1020 2005 1103 fingit
2072 1022 2413 1104 imagineS,
2462 1043 2625 1105 quas
2672 1021 2879 1085 homo

628 1139 836 1202 oculis
885 1157 1148 1201 cernere
1195 1136 1312 1199 sibi
1362 1134 1638 1211 videtur,
1681 1134 1805 1197 hae
1828 1145 2051 1198 autem
2080 1137 2397 1219 imagines
2422 1145 2573 1200 sunt
2599 1136 2878 1218 Erinyes

629 1253 803 1336 (vide
847 1272 912 1334 p.
962 1251 1093 1333 71),
1162 1251 1213 1312 si
1260 1258 1478 1312 tamen
1523 1249 1785 1311 animus
1834 1249 1899 1312 in
1948 1249 2165 1313 inferis
2211 1271 2250 1312 a
2296 1271 2572 1332 corpore
2621 1272 2877 1334 separa-

566 1377 732 1432 -tus
824 1374 941 1442 est,
1010 1364 1154 1428 illae
1224 1364 1485 1427 fallaces
1557 1363 1879 1445 imagines
1946 1373 2369 1442 evanuerunt,
2441 1365 2556 1428 sed
2627 1386 2876 1428 reman-

627 1490 852 1544 serunt
895 1481 1333 1544 conscientiae
1380 1477 1718 1556 scelerum,
1768 1499 1961 1561 quae,
2008 1479 2167 1544 dum
2215 1480 2474 1543 animus
2514 1481 2577 1542 in
2603 1501 2876 1563 corpore

627 1604 782 1674 erat,
874 1615 984 1658 eas
1075 1594 1392 1678 imagines
1473 1601 1993 1674 procreaverant.
2088 1593 2163 1655 In
2232 1591 2360 1656 hoe
2432 1593 2634 1676 igitur
2703 1602 2872 1658 statu

627 1718 1037 1775 mortuorum
1105 1708 1304 1771 animi
1375 1708 1758 1770 mordentur
1824 1708 2216 1770 conscientia
2285 1706 2566 1785 sceleris,
2624 1707 2681 1790 1)
2730 1709 2769 1770 i.
2816 1728 2873 1770 e.

624 1844 788 1887 voce
856 1824 983 1901 dei,
1047 1843 1216 1907 quae
1267 1820 1484 1898 efficit,
1536 1830 1607 1884 ut
1650 1823 1868 1905 priora
1916 1821 2204 1885 facinora
2250 1823 2675 1900 detestentur,
2722 1844 2873 1885 cum

625 1939 889 2002 tandem
938 1938 1058 2001 hac
1102 1959 1269 2001 voce
1317 1937 1534 2000 divina
1583 1936 2010 2019 (quamquam
2061 1935 2188 1999 heu
2216 1957 2364 1999 sero
2384 1937 2423 2020 !)
2452 1947 2623 2001 recte
2648 1957 2874 2020 sapere

627 2053 968 2116 didicerint
1057 2061 1121 2116 et
1212 2051 1487 2115 sentiant
1577 2030 1647 2113 se
1739 2051 1803 2112 in
1873 2050 1950 2112 iis
2021 2071 2331 2133 peccasse
2400 2051 2639 2134 deique
2710 2053 2871 2115 iram

625 2169 958 2232 excitasse.
1055 2167 1248 2229 Hanc
1315 2165 1578 2228 tacitam
1649 2164 1753 2227 dei
1814 2184 2044 2228 vocem
2110 2174 2174 2229 et
2220 2166 2369 2228 inde
2417 2175 2626 2230 ortam
2674 2167 2871 2230 animi

623 2282 1092 2364 poenitentiam
1185 2289 1250 2344 et
1339 2281 1438 2343 sui
1531 2279 2032 2342 detestationem
2114 2279 2200 2344 ab
2285 2280 2628 2363 Aeschylo
2710 2280 2872 2363 ἀρὰν

623 2395 933 2478 appellari
1004 2392 1410 2457 crediderim.
1509 2393 1822 2474 Quocum
1895 2395 2217 2476 congruit,
2289 2395 2469 2476 quod
2517 2417 2653 2458 vox
2701 2417 2873 2478 quae

627 2520 726 2573 est
791 2506 1049 2592 Ἐρινύς
1120 2509 1333 2590 magis
1402 2508 1486 2570 ad
1557 2506 1932 2571 concretam
1996 2509 2351 2590 imaginem
2398 2512 2697 2593 pertinet,
2746 2509 2870 2592 ἀρὰ

627 2634 845 2689 autem
893 2626 1112 2707 potius
1159 2645 1356 2687 sensu
1405 2624 1733 2687 abstracto
1782 2633 1882 2687 est
1926 2626 2321 2707 accipienda.
2398 2625 2601 2709 Quod
2647 2636 2869 2691 tamen

623 2738 1040 2821 Aeschylum
1111 2760 1242 2801 non
1311 2737 1669 2821 prohibuit,
1709 2740 1893 2821 ·quin
1959 2739 2261 2822 ErinyeS,
2309 2763 2460 2804 cum
2507 2742 2706 2805 semel
2755 2742 2869 2805 illo

621 2847 825 2915 altero
865 2861 873 2869 ’
910 2850 1065 2933 οἷρᾶς
1149 2853 1413 2914 nomine
1491 2852 2029 2933 significarentur,
2110 2875 2155 2936 p
2184 2874 2213 2915 r
2237 2874 2278 2916 o
2305 2856 2473 2916 mis
2498 2876 2535 2917 c
2563 2880 2602 2919 u
2631 2876 2668 2917 e
2739 2877 2869 2919 uno

618 2966 910 3030 alterove
956 2966 1219 3028 nomine
1266 2964 1600 3029 indicaret.

709 3178 850 3241 Iam
897 3187 1216 3261 superest,
1264 3186 1334 3241 ut
1377 3198 1589 3261 pauca
1636 3178 1848 3242 dicam
1896 3179 1978 3241 de
2026 3181 2426 3262 quaestione,
2476 3183 2636 3264 quid
2674 3190 2869 3265 poeta

620 3293 685 3355 in
731 3292 1175 3355 Eumenidz‘bus
1216 3302 1545 3375 praestare
1590 3291 1896 3370 voluerit,
1946 3295 2098 3375 quia
2144 3294 2271 3357 hoc
2318 3316 2472 3358 cum
2522 3297 2865 3359 Furiarum

619 3407 1086 3488 significatione
1153 3416 1290 3471 arte
1361 3407 1689 3471 cohaeret.
1791 3408 1995 3490 Rapp·
2047 3409 2115 3472 in
2184 3410 2487 3473 Roscheri
2548 3409 2742 3475 lem‘co
2806 3418 2866 3492 2)

621 3520 775 3584 dicit
843 3521 925 3585 de
991 3520 1115 3584 hac
1186 3544 1288 3584 re:
1363 3521 1949 3605 „Segenbringend
2018 3524 2164 3587 sind
2210 3526 2303 3587 sie
2349 3524 2662 3609 (Ἐρινύες
2708 3526 2868 3609 scil.)

619 3636 815 3711 dann,
883 3656 1073 3698 wenn
1143 3637 1234 3698 sie
1300 3636 1614 3699 versohnt
1681 3638 1847 3714 sind,
1924 3639 2057 3701 und
2106 3639 2212 3702 die
2257 3639 2704 3722 Versohnung
2751 3642 2867 3703 der

617 3758 800 3812 sonst
866 3770 940 3811 so
1013 3748 1512 3812 unerbittlichen
1585 3749 1964 3827 Gottinnen‚
2026 3753 2132 3815 die
2194 3752 2691 3835 Verwandlung
2749 3776 2866 3817 aus

620 3863 927 3945 Erinyen'
1003 3864 1065 3925 in
1157 3863 1570 3926 Eumeniden
1662 3887 1741 3927 zu
1837 3866 2153 3942 erklaren,
2232 3868 2316 3931 ist
2384 3868 2491 3931 die
2557 3869 2865 3932 Tendenz

619 3978 735 4038 des
819 3960 1092 4059 Mythos
1170 3998 1301 4040 von
1384 3978 1534 4039 dem
1619 3977 1884 4042 Gericht
1967 3979 2125 4042 fiber
2210 3978 2475 4044 Orestes
2546 3983 2680 4044 und
2749 3984 2866 4045 der

621 4089 1060 4172 Hauptinhalt
1118 4112 1248 4155 von
1307 4091 1680 4173 Aeschylos
1755 4092 2238 4156 Eumeniden.”
2331 4094 2549 4157 Velim
2608 4116 2862 4177 rogare,

688 4290 734 4355 1)
784 4290 945 4341 Eum.
999 4300 1121 4352 174:
1179 4290 1282 4339 ὑπό
1336 4308 1396 4339 τε
1449 4293 1554 4355 γᾶν
1605 4294 1785 4357 φυγὼν
1834 4292 2019 4343 οὔποτ’
2066 4292 2475 4361 ἐλευθεροῦται.
2546 4294 2648 4343 Cfr.
2681 4294 2864 4360 Agam-

614 4392 899 4446 445-—447‚
933 4381 1093 4430 Eum.
1130 4394 1244 4444 223.

684 4471 732 4538 2)
766 4488 815 4537 p.
859 4485 984 4537 1327
1023 4472 1075 4520 in
1110 4473 1224 4525 fine.
