3442 4975
1754 400 1843 486 64

940 594 1046 653 καὶ
1099 594 1212 654 νῦν
1261 588 1538 663 ἁλούσας
1586 589 1777 653 τάσδε
1828 593 1946 663 τὰς
1990 598 2265 673 μάργους
2310 595 2461 674 ὁρᾷς
2530 646 2533 651 .

939 704 1124 785 ὕπνῳ
1173 711 1476 769 πεσοῦσαι
1527 702 1582 765 δ’
1632 708 1704 767 αἱ
1751 709 2197 767 κατάπτυστοι
2248 710 2449 788 κόραι,

938 824 1151 899 γραῖαι
1203 815 1477 880 παλαιαὶ
1531 817 1776 897 παῖδες,
1828 817 1929 891 αἷς
1978 821 2049 882 οὐ
2096 819 2404 899 μίγνυται

941 935 1116 994 θεῶν
1165 957 1262 1005 τις
1309 931 1444 995 οὐδ’
1491 936 1844 1016 ἄνθρωπος
1890 932 2030 996 οὐδὲ
2084 938 2205 1015 θήρ
2257 956 2437 995 ποτε.

764 1049 906 1111 Nec
953 1070 1086 1111 non
1137 1049 1438 1111 Minerva
1484 1049 1709 1111 dicens
1758 1054 1842 1127 (v.
1890 1049 2313 1132 406—408):

940 1159 1099 1241 ὑμᾶς
1145 1158 1216 1221 θ’
1264 1160 1482 1241 ὁμοίας
1527 1159 1737 1223 οὐδενὶ
1785 1165 2095 1244 σπαρτῶν
2144 1160 2330 1240 γένει,

939 1277 1076 1340 οὔτ’
1122 1278 1187 1337 ἐν
1235 1258 1452 1338 θεαῖσι
1501 1278 1658 1359 πρὸ,-
1703 1282 1879 1339 θεὼν
1926 1276 2240 1359 ὁρωμένας

939 1390 1078 1453 οὔτ’
1125 1382 1236 1453 οὖν
1285 1391 1594 1475 βροτείοις
1643 1393 1921 1473 ἐμφερεῖς
1966 1398 2409 1474 μορφώμασιν.

765 1502 1064 1587 Itemque
1130 1507 1670 1589 prosequentium
1741 1516 1999 1570 caterva
2058 1507 2303 1570 verbis:
2374 1508 2455 1568 Ν
2456 1506 2642 1577 υκτὸς
2692 1502 2919 1577 παῖδες

673 1614 946 1689 ἄπαιδες
994 1618 1203 1696 (Eum.
1259 1619 1473 1701 1011).
2895 1678 2901 1681 .

765 1732 1023 1795 Eodem
1094 1734 1278 1810 redit,
1349 1735 1529 1817 quod
1597 1734 1681 1797 ab
1754 1677 1994 1798 Oresta
2064 1744 2127 1799 et
2198 1735 2668 1818 Clytaemestra
2738 1734 2921 1805 κύνες

674 1854 988 1908 vocantur
1043 1845 1118 1927 1),
1199 1847 1516 1929 quodque
1601 1847 1855 1930 Apollo
1941 1870 2053 1911 eas
2120 1848 2219 1911 his
2286 1850 2501 1913 verbis
2570 1847 2922 1931 compellat

673 1957 886 2044 (Eum.
947 1958 1149 2041 634):
1223 1948 1272 2018 ὦ
1337 1965 1701 2040 παντομισῆ
1767 1957 2121 2039 κνώδαλα,
2153 1966 2352 2043 στι’γη
2412 1962 2609 2038 θεῶν,
2680 1961 2919 2044 quibus

672 2074 864 2135 variis
935 2073 1308 2136 nominibus
1377 2076 1721 2156 quomodo
1792 2074 1954 2139 illud
2026 2077 2248 2155 σεμναι
2324 2077 2449 2151 (νν.
2500 2091 2649 2157 379,
2732 2074 2919 2156 1017)

675 2188 1050 2263 consentiat,
1099 2188 1376 2269 quisque
1422 2189 1620 2252 videt.

764 2299 905 2361 Iam
956 2300 1290 2364 videamus
1338 2323 1501 2384 quas
1548 2303 1739 2382 τιμὰς
1784 2302 2068 2367 habeant
2114 2304 2409 2386 Erinyes,
2456 2302 2647 2384 Ipsae
2694 2303 2919 2366 dicunt

671 2414 861 2477 Eum.
911 2432 1302 2497 339—3402

760 2528 1182 2608 γιγνομέναισι
1231 2527 1395 2612 λάχη
1441 2530 1592 2593 τάδε
1640 2529 1734 2613 ἐφ’
1782 2521 1933 2612 ἇμιν
1984 2535 2286 2614 ἐκράνθη,

760 2641 1122 2706 ἀθανάτων
1171 2642 1225 2704 δ’
1274 2642 1534 2726 ἀπέχειν
1581 2643 1779 2726 χέρας.

761 2755 942 2838 Quas
1009 2759 1203 2840 igitur
1269 2757 1513 2821 habent
1580 2763 1784 2839 τιμάς,
1854 2757 2098 2822 habent
2166 2759 2315 2822 inde
2376 2781 2415 2821 a
2473 2760 2689 2840 primo
2737 2767 2915 2832 ortu,

673 2870 789 2932 sed
858 2872 921 2933 in
989 2870 1290 2935 homines
1353 2872 1530 2935 solos
1578 2873 1696 2936 has
1746 2874 1933 2951 τιμὰς
1979 2893 2284 2935 exercere
2330 2872 2407 2934 iis
2453 2873 2625 2950 licet,
2673 2893 2805 2935 non
2851 2874 2916 2934 in

675 2985 854 3048 deos·
906 2984 970 3067 2)
1039 2986 1107 3049 A
1153 3007 1290 3069 quo
1332 2996 1551 3051 tamen
1608 2985 1738 3050 hoc
1786 3007 2024 3074 munus
2073 2988 2457 3069 acceperint,
2508 3007 2641 3050 non
2687 2986 2913 3069 liquet.

675 3099 852 3161 Nam
931 3099 1090 3170 Ζεύς
1172 3101 1473 3183 quidem,
1555 3111 1906 3184 postquam
1978 3122 2095 3164 rex
2166 3100 2443 3164 deorum
2514 3101 2725 3165 factus
2798 3109 2913 3178 est,

673 3213 957 3276 honores
1023 3215 1187 3278 inter
1254 3215 1415 3281 deos
1484 3215 1825 3291 distribuit,
1894 3215 2175 3298 Erinyes
2239 3223 2480 3291 tamen,
2551 3236 2723 3297 quae
2766 3223 2918 3279 sunt

674 3324 954 3389 παλαιαὶ
1003 3330 1174 3406 θεαὶ,
1221 3331 1350 3392 iam
1398 3330 1480 3392 ab
1523 3339 1668 3392 ortu
1696 3350 1890 3393 suum
1923 3329 2169 3391 habent
2198 3350 2456 3404 munuS,
2483 3348 2616 3411 quo
2640 3329 2913 3406 accedit,

673 3443 855 3525 quod
917 3443 1343 3506 Prometheus
1405 3444 1559 3507 dicit
1605 3464 1713 3506 eas
1762 3465 1892 3506 una
1937 3466 2090 3507 cum
2139 3445 2351 3507 Parcis
2396 3443 2913 3526 gubernaculum

673 3557 1072 3620 necessitatis
1143 3566 1384 3630 tenere,
1455 3578 1586 3640 qua
1652 3559 1807 3628 Ζεύς
1895 3559 2033 3641 ipse
2101 3558 2182 3620 sit
2246 3558 2512 3620 inferior
2578 3557 2717 3642 (qui
2785 3557 2914 3620 hoc

674 3669 1190 3750 intellegendum
1246 3671 1362 3762 ¹sit,
1433 3671 1584 3733 vide
1650 3691 1714 3753 p.
1793 3671 2094 3756 56—58).
2187 3672 2469 3754 Erinyes
2516 3673 2713 3754 igitur
2758 3693 2912 3736 suos

673 3780 960 3844 honores
1006 3782 1090 3845 ab
1137 3782 1296 3846 Iove
1339 3782 1579 3846 habere
1626 3797 1759 3847 non
1805 3795 2102 3867 possunt.
2148 3785 2327 3866 Quid
2367 3786 2607 3867 igitur?
2652 3786 2913 3868 Μοίρας

673 3894 781 3957 hic
847 3895 1073 3958 afferet
1149 3895 1399 3979 aliquis,
1491 3894 1624 3959 Sed
1695 3900 1942 3979 Μοῖραι
2019 3907 2173 3961 sunt
2241 3919 2500 3962 sorores
2568 3901 2911 3986 Erinyum.

664 3991 876 4072 Unde
942 4007 1064 4094 hae
1107 4018 1239 4072 tres
1283 4030 1543 4100 sorores
1588 4019 1833 4092 tantam
1865 4013 1947 4103 ‘in
1994 4032 2103 4074 eas
2147 3994 2537 4094 potestatem
2584 4013 2864 4076 habeant
2887 4019 2915 4076 ?

674 4122 956 4186 Videtur
1020 4132 1240 4186 autem
1309 4145 1394 4186 ex
1462 4124 1646 4187 Eum.
1719 4142 1975 4206 349—3
1988 4139 2018 4206 5
2031 4143 2066 4206 3
2138 4125 2305 4189 effici
2374 4147 2587 4209 posse,
2634 4127 2913 4209 Erinyes

743 4323 789 4388 1)
831 4324 1040 4388 Choessz.
1074 4321 1354 4387 917—918,
1395 4332 1539 4385 1051.

741 4413 790 4480 2)
824 4415 958 4465 Vide
1003 4415 1154 4464 etiam
1193 4413 1352 4462 Eum.
1390 4412 1515 4478 382:
1572 4411 1714 4477 λάχη
1756 4413 1900 4462 θεῶν
1937 4411 2393 4478 διχοσιατοῦντα.
2443 4413 2509 4461 Et
2543 4413 2666 4466 ibid.
2701 4429 2749 4465 v.
2786 4415 2913 4477 306:

676 4502 822 4558 λέξαι
856 4522 915 4554 τε
954 4503 1096 4572 λάχη
1131 4504 1202 4552 τὰ
1240 4499 1358 4552 κατ’
1395 4501 1737 4570 ἀνθρώπους.
