3442 4975
1653 435 1728 506 13

479 685 484 690 ,
566 613 978 697 Aeschylum
1084 614 1166 674 de
1239 612 1510 674 mortuis
1581 611 1753 675 idem
1822 620 2021 694 atque
2094 610 2468 674 Homerum
2536 622 2821 694 putasse,

562 736 782 789 tamen
869 728 950 788 de
1037 726 1204 787 felici
1291 733 1458 787 statu
1547 732 1699 806 post
1785 733 2065 788 mortem
2148 724 2322 808 apud
2404 724 2821 810 Aeschylum

565 860 889 922 nusquam
965 858 1187 901 sermo
1236 847 1354 901 est.
1443 835 1609 901 Item
1657 838 2134 902 demonstravit
2178 837 2446 903 Lobeck
2494 842 2820 925 mysteriis

565 952 1124 1021 monotheismum
1195 952 1658 1015 ascribendum
1729 972 1859 1015 non
1928 972 2091 1031 esse,
2149 954 2204 1036 1)
2273 962 2340 1017 at
2384 954 2819 1038 Aeschylum,

561 1068 613 1128 si
683 1068 899 1129 minus
948 1066 1204 1128 disertis
1253 1065 1492 1143 verbiS‚
1536 1074 1760 1130 tamen
1808 1086 1877 1129 re
1924 1066 2069 1148 ipsa
2111 1067 2416 1150 proxime
2462 1070 2545 1131 ad
2594 1090 2820 1149 mono7

561 1178 913 1243 theismum
1002 1180 1314 1243 accedere
1399 1200 1629 1243 omnes
1713 1180 1848 1244 fere
1932 1180 2051 1242 viri
2140 1181 2313 1243 docti
2384 1185 2820 1247 consentiunt.

563 1293 760 1375 Quod
838 1304 1058 1357 autem
1129 1294 1512 1376 Aeschylus
1571 1270 1661 1357 ¹de
1734 1295 1949 1358 divina
2009 1295 2247 1361 invidia
2308 1297 2605 1379 credidit,
2653 1297 2819 1361 hanc

561 1408 941 1497 opinionem
1015 1429 1084 1470 se
1156 1410 1506 1489 separatim
1576 1409 1659 1471 ab
1732 1409 1999 1491 reliquis
2067 1408 2308 1472 habere
2372 1398 2546 1475 dicit.
2604 1409 2822 1493 vIgitur

557 1542 636 1584 ne
702 1519 870 1585 hanc
939 1521 1206 1603 quidem
1253 1521 1337 1584 ab
1384 1522 1708 1605 mysteriis
1758 1531 2097 1586 mutuatus
2146 1506 2261 1586 est.
2336 1524 2594 1606 Quodsi
2643 1529 2819 1609 apud

558 1634 988 1717 Aeschylum·
1044 1634 1398 1698 nonnullae
1469 1656 1590 1709 res
1640 1647 2019 1715 occurrunt,
2090 1658 2259 1719 quae
2306 1639 2389 1701 ab
2436 1639 2815 1722 vulgaribus

558 1749 980 1830 opinionibus
1053 1749 1422 1832 discrepare
1491 1750 1816 1828 videntur,
1887 1749 2049 1813 haec
2117 1750 2237 1833 ipsi
2284 1751 2603 1835 Aeschyli
2651 1753 2814 1817 felici

554 1873 828 1953 naturae
871 1872 1070 1945 atque
1117 1862 1337 1938 indoli,
1384 1883 1515 1925 non
1565 1865 1889 1946 mysteriis
1937 1864 2322 1928 tribuendae
2368 1875 2577 1953 erunt.

561 2035 564 2038 .
642 1977 900 2059 Scripta
953 1984 1320 2058 poetarum,
1368 1997 1453 2039 ex
1502 1977 1744 2059 quibus
1792 1976 2167 2061 Aeschylus
2214 1998 2366 2041 suas
2414 1979 2497 2041 de
2544 1980 2812 2064 numine

556 2091 777 2153 divino
815 2092 1189 2173 opiniones
1259 2088 1519 2159 haurire
1577 2092 1812 2172 potuit,
1860 2092 2346 2171 suntcarmina
2395 2092 2696 2178 Homeri,
2744 2094 2807 2179 2)

553 2206 726 2268 illius
773 2206 1218 2287 praeceptoris
1268 2203 1606 2281 Graeciae,
1659 2204 1959 2292 Hesiodi,
2006 2204 2395 2269 Stesichori.
2436 2208 2498 2292 3)
2572 2208 2810 2291 Neque

550 2320 829 2383 dubium
879 2329 1000 2396 est,
1047 2320 1209 2400 quin
1257 2319 1538 2382 aliorum
1587 2342 1855 2404 quoque
1900 2328 2265 2404 poetarum,
2291 2344 2443 2386 cum
2470 2325 2807 2407 epicorum

552 2444 694 2498 tum
768 2433 1120 2516 lyricorum
1196 2454 1315 2497 nec
1386 2455 1515 2500 non
1577 2438 1974 2520 tragicorum
2022 2457 2219 2520 opera
2268 2437 2517 2520 legerit,
2566 2420 2806 2522 quibus

551 2551 831 2626 fortasse
873 2550 1054 2612 ‘addi
1127 2560 1408 2630 possunt
1475 2527 2216 2634 carmina-Epimenidis
2263 2560 2332 2624 et.
2375 2549 2684 2634 Orphica.
2730 2555 2802 2638 4)

548 2663 677 2726 Sed
727 2664 808 2726 de
858 2661 979 2732 hac
1031 2683 1097 2725 re
1146 2662 1303 2726 nihil
1351 2665 1715 2728 accuratius
1764 2665 1890 2728 dici
1936 2675 2187 2748 potestf-
2360 2745 2365 2748 Ι
2562 2643 2579 2654 ⁹

559 2833 563 2838 .
615 2778 793 2839 'Non
841 2778 962 2840 erit
1008 2777 1288 2859 denique
1335 2780 1447 2860 qui
1497 2789 1694 2862 neget
1732 2755 2149 2863 Aeschylum
2180 2781 2474 2864 ,aliquam
2503 2784 2797 2846 notitiam

547 2891 850 2954 habuisse
920 2911 1169 2966 eorum,
1241 2913 1410 2974 quae
1454 2891 1832 2975 philosophi
1884 2915 2093 2983 usque
2140 2895 2226 2958 ad
2273 2895 2590 2979 Aeschyli
2639 2874 2799 2960 tem-

616 3041 661 3106 1)
733 3041 955 3100 Lobeck‚
993 3040 1112 3104 Agl.
1153 3041 1195 3103 1,
1233 3041 1314 3105 65,
1350 3043 1433 3107 85,
1474 3043 1586 3103 118,
1625 3055 1735 3108 133,
1778 3044 1871 3106 138
1906 3044 2105 3109 passim.

608 3133 660 3198 2)
730 3133 1006 3197 Aeschylus
1071 3147 1163 3190 sua
1224 3133 1453 3184 dramata
1522 3135 1734 3201 τεμάχη
1802 3137 1904 3185 τῶν
1953 3134 2196 3202 τΟμήρου
2256 3139 2507 3203 μεγάλων
2563 3139 2800 3190 δείπνων

544 3225 833 3291 appellavit,
868 3224 986 3274 vide
1020 3223 1142 3274 Ath.
1177 3235 1322 3286 347e.

612 3316 662 3380 3)
730 3319 811 3368 W.
866 3319 1044 3379 Christ,
1095 3321 1177 3368 Gr.
1233 3317 1547 3384 Litt.-gesch.
1585 3334 1634 3382 p.
1675 3317 1796 3379 136:
1834 3318 2007 3376 „Aber
2040 3319 2169 3366 auch
2205 3319 2361 3368 vieles
2396 3337 2460 3370 an
2496 3322 2605 3370 sich
2639 3338 2793 3371 neues

540 3409 811 3459 enthielten
865 3411 1002 3461 seine
1055 3413 1319 3475 Gedichte,
1368 3410 1539 3459 sodass
1590 3409 1853 3469 dieselben-
1897 3410 2024 3458 auch
2078 3409 2129 3458 in
2181 3411 2351 3462 Attica
2384 3412 2481 3461 viel
2518 3413 2783 3462 verbreitet

538 3500 643 3548 und
679 3503 980 3551 namentlich
1018 3520 1119 3552 von
1155 3504 1253 3552 den
1298 3503 1587 3566 Tragikern
1623 3501 1720 3550 viel
1757 3501 1960 3549 bentitzt
1995 3502 2259 3553 wurden.''
2592 3485 2595 3490 Ι

606 3592 659 3657 4)
729 3593 958 3658 Orpheus
1018 3594 1271 3659 Aeschylo
1323 3594 1392 3642 sic
1447 3600 1498 3643 ut
1549 3593 1643 3642 toti
1696 3591 1981 3656 antiquitati
2030 3593 2208 3642 summi
2260 3602 2436 3660 poetae
2488 3596 2656 3660 imago
2691 3605 2797 3646 erat

537 3685 647 3752 (cfr.
683 3687 862 3750 Agam.
905 3687 1270 3754 1600—1601).
1339 3686 1564 3752 Orphica
1613 3692 1797 3750 autem,
1848 3700 1976 3749 quae
2029 3686 2269 3750 Aeschyli
2322 3694 2483 3738 aetate
2534 3688 2792 3754 divulgata.

537 3784 692 3841 erant,
743 3794 1048 3843 quamquam
1100 3780 1254 3844 ipsius
1306 3779 1496 3843 Orphei
1532 3793 1634 3827 non
1673 3783 1806 3835 sunt,
1842 3783 2009 3825 tamen
2044 3776 2151 3825 eius
2186 3785 2407 3827 mentem
2441 3779 2789 3844 rationemque

537 3868 706 3932 poesis
741 3869 1052 3935 interpretari
1091 3871 1337 3920 videntur.
1375 3869 1502 3932 Quis
1537 3885 1656 3918 vero
1687 3868 1775 3917 ille
1811 3866 2041 3932 Orpheus
2076 3868 2237 3929 suerit,
2273 3885 2376 3918 non
2410 3869 2581 3934 liquet.
2635 3870 2793 3919 Ville-

540 3961 673 4008 main
727 3961 918 4026 (Essais
968 3977 1049 4011 sur
1099 3962 1148 4010 le
1201 3961 1350 4027 genie
1401 3961 1466 4009 de
1517 3959 1747 4017 Pindare,
1800 3959 1941 4008 Paris
1998 3960 2141 4024 1859,
2193 3976 2241 4025 p.
2296 3959 2381 4026 97)
2426 3941 2791 4018 ,commemorat

541 4053 716 4101 Huetii
768 4053 1075 4117 opinionem,
1129 4054 1386 4117 Orpheum
1439 4050 1652 4100 eundem
1687 4050 1838 4100 fuisse
1874 4067 1931 4099 ac
1970 4051 2199 4116 Moysen.
2238 4052 2391 4115 Quod
2429 4053 2653 4117 quamvis
2688 4069 2790 4100 non

535 4143 683 4194 facile
735 4145 798 4193 ad
851 4144 1294 4194 demonstrandum
1346 4144 1454 4207 erit,
1505 4151 1672 4192 tamen
1726 4143 1899 4206 negari
1952 4159 2055 4191 non
2108 4150 2270 4208 potest
2305 4144 2436 4209 apud
2475 4144 2786 4208 Aeschylum

532 4235 687 4284 multa
719 4251 980 4285 occurrere
1015 4236 1273 4285 sententiis
1307 4235 1502 4284 Veteris
1539 4235 1845 4284 Testamenti
1880 4234 2078 4285 similia.
2142 4235 2307 4298 Quam
2345 4235 2498 4284 multa
2534 4250 2575 4284 e.
2613 4251 2688 4298 gr.
2724 4251 2787 4284 ex

536 4327 772 4391 Aeschyli
821 4328 1090 4391 tragoediis
1125 4345 1236 4376 curn
1270 4326 1396 4376 locis
1433 4343 1493 4376 ex
1528 4326 1660 4374 libro
1695 4325 1860 4374 Hiobi
1895 4330 2203 4391 congruunt!
2239 4354 2304 4363 —
2340 4325 2441 4375 Csr.
2477 4327 2525 4390 J.
2561 4325 2787 4390 Woltjer‚

534 4420 614 4468 De
660 4419 998 4484 Wetenschap
1052 4435 1149 4468 van
1200 4420 1301 4468 den
1335 4420 1492 4483 logOS,
1525 4435 1576 4483 p.
1614 4429 1847 4483 51-523
1884 4419 1953 4466 M.
1990 4418 2232 4478 Carriere‚
2268 4419 2366 4466 Die
2403 4418 2593 4476 Poesie,
2629 4417 2779 4481 Leip-

533 4513 612 4576 zig
653 4513 796 4572 1884,
830 4527 881 4576 p.
919 4522 1031 4576 557.
