3442 4975
1705 435 1826 502 142

650 612 756 675 dei
806 613 1047 675 invidia
1093 612 1452 692 cogitatum
1504 619 1620 684 est,
1670 612 1789 673 nisi
1839 612 2003 673 forte
2046 611 2277 692 aliquis
2316 611 2644 672 existimet
2684 608 2891 692 (quod

651 747 733 789 ne
801 726 1126 788 Zellerum
1197 725 1465 808 quidem
1536 724 1913 787 existimare
1972 724 2157 806 puto)
2208 723 2621 805 Aeschylum
2670 723 2892 784 omnia

649 838 936 903 humana
1005 838 1176 902 mala
1237 849 1434 922 atque
1495 838 1914 900 incommoda
1961 837 2112 900 huic
2160 837 2434 900 invidiae
2483 838 2739 900 divinae
2786 837 2894 898 tri-

649 953 850 1015 buere
915 962 1114 1034 atque
1175 972 1438 1014 omnem
1499 971 1645 1012 cam
1693 951 2005 1013 invidiam
2053 953 2366 1014 contineri
2417 951 2732 1028 versibu5,
2782 953 2893 1032 qui

650 1068 957 1149 leguntur
1002 1067 1241 1146 Agant.
1300 1067 1775 1144 1281—-12831
2085 1149 2090 1158 1

1011 1179 1083 1240 ῖὼ
1130 1182 1388 1264 βρότεια
1435 1182 1781 1258 πράγματ’·
1830 1177 2223 1260 εὐτυχοῦντα
2266 1180 2376 1258 μὲν

1006 1295 1154 1353 σκιά
1200 1315 1298 1366 τις
1344 1293 1426 1354 ἂν
1476 1290 1793 1374 τρέψειεν·
1843 1295 1898 1353 εἶ
1945 1289 2007 1354 δὲ
2055 1289 2379 1376 δυστυχοῖ,

1004 1404 1226 1492 βολαῖς
1273 1407 1612 1488 ὑγρώσσων
1660 1411 1933 1485 σπόγγος
1984 1403 2215 1472 ὤλεσεν
2260 1413 2524 1488 γραφήν.

737 1519 936 1602 Quod
1004 1523 1058 1584 si
1131 1522 1510 1604 Aeschylus
1583 1523 1845 1599 faceret,
1916 1531 2058 1585 tum
2105 1523 2405 1605 profecto
2451 1543 2536 1584 ex
2586 1521 2896 1584 omnibus

652 1633 919 1696 Graecis
965 1644 1138 1699 esset
1179 1638 1534 1715 μονόφρων,
1583 1637 1696 1698 sed
1745 1638 1806 1698 in
1857 1636 2094 1699 malam
2139 1645 2389 1718 partem
2434 1638 2898 1719 contrarioque

651 1769 846 1810 sensu
895 1757 1094 1829 atque
1140 1748 1381 1828 Agant.
1429 1766 1581 1830 727.

744 1861 890 1923 Hac
938 1860 1171 1924 Zelleri
1219 1883 1295 1924 ac
1342 1863 1722 1925 Buchholzii
1770 1864 2075 1945 opinione
2120 1864 2275 1927 satis
2322 1864 2474 1938 iam,
2525 1871 2595 1926 ut
2620 1863 2896 1940 videtur,

654 1978 941 2053 refutata,
1005 1978 1088 2040 ad
1136 1977 1312 2040 illam
1361 1977 1632 2042 alteram
1681 1980 1765 2041 de
1812 1979 2181 2042 insontibus
2226 1980 2572 2061 puniendis
2620 1979 2899 2060 quaesti·

651 2112 846 2152 onem
916 2091 1398 2172 aggrediamur.
1515 2091 1722 2154 Cuius
1795 2094 1882 2154 rei
1958 2092 2167 2154 multa
2236 2112 2389 2154 sane
2459 2091 2763 2173 exempla
2832 2092 2895 2152 in

651 2204 974 2286 Aeschyli
1045 2206 1402 2288 tragoediis
1476 2215 1848 2269 occurrunt.
1945 2206 2051 2269 Fit
2120 2206 2313 2282 enim,
2390 2213 2459 2267 ut
2527 2205 2611 2266 ab
2680 2203 2899 2266 liberis

651 2328 918 2400 peccata
985 2329 1332 2400 parentum
1405 2329 1795 2400 repetantur,
1864 2320 2045 2401 quod
2118 2339 2238 2381 nos
2285 2321 2525 2381 docent
2575 2317 2743 2398 Sept.
2791 2339 2896 2381 vv.

652 2448 689 2512 7
702 2445 914 2513 25-7
924 2448 1002 2513 27
1021 2455 1037 2495 ἓ

1188 2543 1548 2625 παλαιγενῆ
1594 2548 1714 2628 γάρ
1764 2544 1921 2624 λέγω

1191 2660 1555 2745 παρβασίαν
1601 2658 1979 2725 ὠκύποινον·

1185 2772 1393 2837 αἰῶνα
1440 2770 1496 2834 δ’
1540 2776 1600 2845 ἐς
1646 2773 1858 2854 τρίτον
1903 2770 2091 2853 μένει.

743 2887 909 2950 Item
979 2896 1153 2950 totus
1217 2887 1504 2970 populus
1573 2888 1846 2950 miseriis
1894 2888 2193 2951 obruitur
2240 2888 2326 2950 ob
2374 2887 2566 2949 unius
2613 2887 2897 2950 hominis

655 3002 994 3081 maleficia,
1045 3011 1114 3065 ut
1159 3004 1222 3065 in
1270 3002 1497 3065 Persis.
1591 3002 1841 3065 Atossa
1887 3003 2024 3084 ipsa
2071 3004 2229 3066 dicit
2274 3024 2333 3066 v.
2380 3019 2782 3083 431—432:

967 3118 1122 3196 αιάῒ,
1173 3117 1386 3178 κακῶν
1436 3114 1512 3195 δὴ
1562 3113 1835 3193 πέλαγος
1882 3115 2147 3199 ἔρρωγεν
2193 3114 2351 3196 μέγα

965 3229 1250 3311 Πέρσαις
1296 3255 1364 3292 τε
1414 3232 1521 3292 καὶ
1568 3234 1887 3313 πρόπαντι
1936 3231 2275 3317 βαρβάρων
2321 3229 2506 3308 γένει,

653 3356 718 3409 et
783 3368 844 3409 v.
915 3359 1264 3425 474—-475
1340 3347 1572 3408 eadem
1641 3346 1877 3410 fatetur
1949 3346 2245 3407 Xerxe‘n
2314 3345 2610 3407 omnium
2657 3345 2893 3407 horum

656 3460 980 3522 malorum
1028 3481 1292 3522 causam
1340 3461 1578 3525 fuisse:

789 3578 943 3644 παῖς
992 3573 1132 3652 ἐμὸς
1179 3620 1192 3633 .
1245 3621 1258 3633 .
1312 3621 1324 3634 .
1379 3570 1635 3635 τοσόνδε
1688 3570 1940 3652 πλῆθος
1988 3577 2302 3654 πημάτων
2354 3570 2730 3637 ἐπέσπασεν.

746 3688 939 3751 Unus
989 3687 1267 3769 denique
1312 3688 1410 3751 vir
1458 3688 1772 3749 innocens
1822 3689 2034 3750 interit
2080 3687 2559 3770 cumpluribus
2587 3686 2943 3769 improbis‘

658 3801 826 3881 Sept.
884 3804 1277 3882 580—597:

918 3916 1034 3993 φεῦ
1083 3917 1196 3976 τοῦ
1242 3911 1797 3988 ξυναλλάσσοντος
1842 3916 2097 3998 ὄρνιθος
2140 3917 2389 4001 βροτοῖς

921 4026 1168 4091 δίκαιον
1215 4028 1422 4111 ἄνδρα
1468 4035 1631 4091 τοῖσι
1682 4027 2220 4116 δυσσεβεστάτοις.

920 4144 986 4203 ἐν
1035 4145 1236 4207 παντὶ
1283 4147 1506 4226 πράγει
1558 4140 1615 4204 δ’
1663 4142 1807 4205 ἔσθ’
1852 4140 2100 4223 ὁμιλίας
2148 4149 2342 4235 κακῆς

923 4259 1140 4321 κάκιον
1190 4254 1389 4336 οὐδέν,
1440 4260 1678 4338 καρπὸς
1725 4255 1795 4318 οὐ
1846 4256 2184 4339 κομιστέος·

923 4372 1078 4451 ἄτης
1123 4372 1362 4453 ἄρουρα
1410 4376 1704 4436 θάνατον
1757 4372 2225 4454 ἐκκαρπίζεται.

921 4486 960 4563 ἦ
1005 4486 1122 4565 γὰρ
1170 4482 1508 4567 ξυνεισβὰς
1559 4482 1780 4547 πλοῖον
1830 4486 2084 4569 εὐσεβὴς
2130 4485 2290 4567 ἀνὴρ
