3442 4975
1765 355 1888 402 110

1016 529 1176 606 ἡμᾶς
1219 546 1287 602 γε
1333 522 1448 603 μὲν
1495 519 1573 600 δὴ
1619 524 1782 584 ναῦν
1831 523 1889 583 τ’
1938 521 2261 604 α’κήρατον
2309 524 2544 603 σκάφος

1007 643 1147 720 ἦτοι
1195 661 1292 709 τις
1341 633 1682 717 ἐξέκλεψεν
1737 640 1774 717 ἠ
1814 634 2157 721 ’ξῃτήσατο

1008 757 1160 826 θεός
1205 776 1324 830 τις,
1373 751 1485 814 οὐκ
1532 753 1903 831 ἄνθρωπος,
1952 748 2167 822 οἴακος
2211 750 2439 826 θιγών.

785 871 998 932 Immo
1042 876 1298 931 tantum
1344 865 1528 928 abest
1578 874 1648 927 ut
1688 865 2036 947 quisquam
2078 865 2350 940 dubitet,
2376 864 2533 946 quin
2559 863 2723 926 deus
2747 863 2941 926 etiam

695 982 999 1067 procellis
1043 990 1110 1045 et
1155 979 1508 1062 frigoribus
1553 979 1852 1060 imperet,
1900 988 1991 1056 ut,
2039 980 2149 1062 qui
2196 987 2386 1043 antea
2419 996 2754 1059 nunquam
2782 977 2941 1039 deos

697 1097 1095 1172 credidisset,
1111 1100 1499 1177 tempestate
1521 1102 1747 1155 coorta
1774 1094 1971 1155 deum
2000 1092 2374 1174 imploraret
2390 1091 2582 1174 (Pers,
2596 1109 2683 1171 49
2689 1090 2909 1172 3-499)
2926 1112 2942 1152 :

1495 1207 1680 1268 νυκτὶ
1728 1203 1783 1268 δ’
1834 1207 1901 1269 ἐν
1950 1208 2157 1290 ταύτῃ
2206 1208 2356 1298 θεὸς

1010 1321 1261 1404 χειμῶν’
1305 1322 1514 1402 ἄωρον
1565 1309 1743 1401 ὦρσε,
1794 1325 2113 1399 πήγνυσιν
2162 1317 2225 1382 δὲ
2274 1327 2407 1380 πᾶν

1009 1432 1266 1516 ῥέεθρον
1313 1435 1514 1513 ἁγνοῦ
1560 1437 1951 1515 Στρυμόνος·
1998 1436 2193 1505 θεοὺς
2239 1430 2306 1495 δέ
2355 1455 2453 1505 τις

1010 1550 1084 1610 τό
1129 1549 1282 1629 πρὶν
1330 1547 1604 1628 νομίζων
1653 1547 1931 1629 οὐδαμοῦ
1979 1548 2113 1609 τότ’
2162 1550 2389 1630 ηὔχετο

1009 1660 1270 1740 λιταῖσι,
1317 1667 1508 1739 γαῖαν
1556 1659 1825 1746 οὐρανόν
1876 1685 1940 1724 τε
1993 1663 2391 1743 προσκυνῶν.

1012 1779 1152 1838 ἐπεὶ
1200 1774 1263 1838 δὲ
1311 1773 1524 1866 πολλὰ
1571 1773 1945 1838 θεοκλυτῶν
1996 1778 2329 1839 ἐπαύσατο

1010 1893 1303 1975 στρατός,
1351 1898 1516 1971 περᾷ
1565 1886 2102 1972 κρυσταλλοπῆγα
2148 1887 2255 1951 διὰ
2304 1893 2520 1972 πόρον.

788 2007 973 2069 Deus
1044 1993 1255 2088 igitur*
1309 2024 1432 2067 sua
1497 2007 1789 2085 potentia
1859 2001 2162 2066 homines
2231 2012 2296 2066 et
2365 2023 2583 2065 rerum
2645 2010 2944 2065 naturam

699 2119 1175 2203 complectitur,
1232 2119 1433 2201 idque
1477 2127 1614 2180 tam
1659 2119 1965 2200 perfecte,
2016 2126 2087 2180 ut
2132 2116 2393 2180 difficile
2439 2118 2524 2180 sit
2568 2117 2945 2192 diiudicare,

701 2243 846 2297 utra
888 2253 976 2295 ex
1019 2240 1203 2315 parte
1246 2230 1408 2295 haec
1454 2230 1675 2295 divina
1720 2232 2009 2314 potentia
2054 2229 2290 2293 clarius
2337 2230 2609 2293 eluceat.

788 2347 886 2411 At
952 2347 1244 2428 potentia
1312 2344 1417 2407 dei
1485 2346 1570 2408 ab
1640 2344 1931 2408 humana
1997 2346 2287 2428 potentia
2334 2365 2487 2407 non
2549 2365 2633 2407 eo
2691 2352 2945 2408 tantum

701 2459 937 2540 differt,
1002 2460 1184 2543 quod
1253 2457 1415 2523 haec
1482 2458 1615 2529 fere
1683 2458 1863 2523 nulla
1932 2468 2052 2537 est,
2114 2458 2226 2522 illa
2271 2478 2427 2522 vero
2474 2457 2741 2535 infinita,
2789 2479 2943 2522 cum

702 2575 866 2637 deus
909 2575 1137 2657 possit,
1184 2574 1652 2656 quodcumque
1699 2574 1859 2649 vult,
1907 2573 2296 2656 legibusque
2342 2582 2609 2637 naturae
2649 2574 2944 2657 imperet,

702 2688 818 2750 sed
865 2689 1059 2751 etiam
1109 2688 1334 2765 mode,
1395 2707 1530 2770 quo
1577 2696 1939 2751 exercetur.
2036 2688 2210 2751 Nam
2257 2690 2308 2751 si
2354 2687 2653 2750 homines
2697 2686 2946 2770 aliquid

701 2800 1009 2883 perficere
1075 2801 1325 2877 volunt,
1395 2800 1617 2863 labore
1687 2802 1764 2863 iis
1833 2822 1909 2864 ac
1977 2802 2394 2865 contentione
2440 2821 2609 2883 opus
2655 2811 2775 2876 est,
2820 2801 2947 2864 deo

701 2923 919 2977 autem
968 2914 1184 2997 ipsum
1229 2913 1396 2977 velle
1443 2914 1574 2978 iam
1619 2922 1717 2977 est
1753 2913 2083 2996 perficere.
2124 2914 2234 2977 Sic
2259 2915 2435 2977 enim
2462 2935 2565 2978 vv.
2599 2915 2809 2994 578—
2823 2928 2950 2996 579

703 3048 788 3090 ex
847 3026 1066 3109 Suppl.
1114 3028 1471 3110 accipiendi
1518 3036 1701 3092 sunt:

1060 3145 1330 3223 πάρεστι
1376 3138 1432 3203 δ’
1480 3140 1658 3225 ἔργον
1705 3140 1790 3214 ὥς
1838 3139 1991 3213 ἔπος

1059 3254 1333 3318 σπεῦσαί
1381 3279 1445 3317 τι
1496 3257 1628 3317 τῶν
1676 3252 1928 3340 βούλιος
1973 3252 2141 3336 φέρει
2188 3259 2366 3337 φρήν.

793 3370 1048 3433 Eodem
1095 3370 1229 3433 fere
1275 3370 1461 3448 redit,
1508 3370 1688 3453 quod
1739 3371 1895 3433 dicit
1939 3369 2191 3455 Apollo
2237 3369 2423 3433 Eum.
2471 3366 2856 3449 637--6412

1057 3479 1280 3565 ἀνδρὸς
1325 3481 1382 3545 δ’
1432 3480 1694 3548 ἐπειδὰν
1745 3478 1878 3563 αἷμ’
1922 3482 2269 3568 ἀνασπάσῃ
2317 3485 2484 3556 κόνις

1057 3594 1238 3669 ἅπαξ
1282 3599 1625 3674 θανόντος,
1675 3600 1850 3668 οὔτις
1900 3595 2034 3658 ἔστ’
2078 3595 2449 3667 ἀνάστασις.

1055 3711 1306 3771 τούτων
1351 3706 1604 3790 ἐπῳδὰς
1649 3708 1763 3772 οὐκ
1809 3710 2098 3792 ἐποίησεν
2147 3712 2362 3790 πατὴρ

1059 3823 1264 3900 οὑμός,
1314 3822 1400 3883 τὰ
1447 3818 1506 3883 δ’
1551 3818 1723 3884 ἄλλα
1770 3821 1971 3885 πάντ’
2019 3826 2157 3885 ἄνω
2207 3822 2343 3909 [τε]
2390 3824 2495 3884 καὶ
2543 3825 2721 3884 κάτω

1057 3933 1342 4018 στρέφων
1390 3935 1675 4015 τίθησιν,
1721 3934 1906 3999 οὐδὲν
1954 3936 2336 4017 ἀσθμαίνων
2382 3934 2570 4017 μένει.

791 4048 947 4111 Non
992 4049 1189 4131 igitur
1235 4049 1395 4112 deus
1442 4057 1739 4112 mortuos
1778 4051 2046 4113 excitari
2073 4050 2282 4114 voluit
2306 4049 2512 4133 (quod
2537 4052 2589 4112 si
2613 4049 2952 4125 voluisset,

702 4161 1002 4244 poterat),
1050 4163 1166 4225 sed
1215 4164 1434 4225 omnia
1480 4163 1626 4240 alia,
1676 4164 1716 4225 i.
1766 4184 1846 4239 e.,
1894 4165 1946 4225 si
1995 4163 2174 4227 nulla
2198 4164 2309 4229 lex
2334 4168 2603 4227 naturae
2642 4164 2954 4228 divinitus

703 4277 1056 4339 constituta
1104 4278 1394 4359 impedit,
1444 4279 1608 4360 regit
1653 4276 1738 4339 ad
1786 4277 2125 4341 arbitrium
2173 4279 2350 4342 nulla
2396 4279 2633 4342 virium
2680 4288 2951 4342 conten-

706 4392 884 4453 tione
930 4388 1241 4454 adhibita.
