3442 4975
1717 394 1802 457 26

635 583 813 667 quod
883 582 1210 645 exclamat
1280 581 1606 658 EteocleS,
1671 582 1853 663 quasi
1925 581 2143 643 dicere
2211 580 2445 644 vellet:
2516 578 2695 658 γένος
2763 582 2884 663 γὰρ

633 692 886 776 ἀνδρῶν
935 692 1102 757 πολύ
1149 697 1410 774 ἄμεινον
1458 692 1738 765 ὤπασας.

723 810 981 873 Deinde
1047 812 1206 882 Ζεύς
1273 830 1539 893 quoque
1585 828 1697 873 rex
1746 809 2084 872 hominum
2136 818 2257 888 est,
2303 818 2651 893 propterea
2698 810 2881 892 quod

636 933 707 987 ut
758 925 904 1002 diis,
955 925 1047 986 sic
1092 923 1472 987 horninibus
1518 924 1803 987 honores
1852 923 2201 999 distribuit,
2250 925 2563 1006 quodque
2610 924 2886 1005 perinde

635 1058 712 1100 ac
781 1038 833 1099 si
905 1058 1024 1100 rex
1089 1039 1428 1114 terrestriS,
1499 1039 1610 1121 qui
1663 1037 1885 1100 multis
1934 1039 2207 1119 imperat
2251 1038 2534 1119 populiS,
2586 1038 2885 1119 singulos

635 1151 907 1232 singulis
976 1151 1238 1234 populis
1307 1161 1599 1235 satrapas
1667 1151 1977 1234 praeficit,
2049 1152 2144 1214 sic
2204 1154 2364 1223 Ζεύς
2411 1172 2612 1233 regna
2660 1151 2886 1214 condit

638 1266 847 1347 iisque
894 1286 1079 1348 reges
1130 1266 1314 1330 addit
1361 1269 1556 1346 (Pers.
1605 1271 2015 1348 753—755):

1039 1377 1102 1451 ἐξ
1149 1370 1294 1441 οὗτε
1344 1382 1532 1460 τιμὴν
1579 1382 1739 1451 Ζεύς
1784 1377 1951 1451 ἄναξ
1999 1376 2179 1457 τήνδ’
2227 1378 2485 1445 ὤπασεν

1039 1490 1131 1553 ’ἐν’
1177 1490 1377 1575 ἄνδρ’.
1407 1496 1669 1575 ἁπάσης
1714 1490 1962 1565 Ἀσίδος
2006 1490 2426 1574 μηλοτρόφου,

1041 1612 1282 1685 ταγεῖν,
1332 1606 1564 1690 ἔχοντα
1612 1612 1935 1687 σκῆπτρον
1986 1604 2431 1687 εὐθυντήριον,

642 1731 707 1784 et
752 1719 990 1800 Agam.
1039 1738 1337 1800 42—44:

1176 1830 1514 1906 ΖΡΙενέλοεο,Ἰ
1559 1832 1727 1907 ἄναξ
1775 1830 1871 1912 ἠδ’
1915 1830 2351 1913 Ἀγαμεμνων,

1182 1946 1484 2029 διθρόνου
1534 1924 1778 2008 Διόθεν
1830 1949 1934 2007 καὶ
1982 1944 2370 2028 δισκήπτρου

1178 2068 1360 2143 τιμῆς
1404 2062 1628 2145 ὀχυρόν
1677 2061 1888 2140 ζεῦγος
1932 2058 2286 2143 Ἀτρειδᾶν,

653 2177 966 2260 quodque
1016 2198 1258 2254 rursu3‚
1305 2177 1409 2239 cui
1457 2176 1616 2251 vult,
1664 2176 2010 2257 imperium
2037 2174 2265 2237 adimit
2290 2175 2549 2255 (Agam.
2576 2174 2898 2252 60—62):

1151 2287 1318 2350 οὕτω
1367 2286 1424 2351 δ’
1468 2287 1740 2368 Ἀτρέως
1785 2286 2027 2360 παῖδας
2073 2291 2109 2349 ό
2152 2287 2454 2367 κρείσσων

1139 2403 1240 2462 ἐπ’
1286 2400 1682 2486 Ἀλεξάνδρῳ
1733 2401 1966 2482 πέμπει
2019 2400 2219 2475 ξένιο,1

1138 2520 1314 2590 Ζεύς.
1373 2519 1432 2602 1)

738 2629 836 2692 At
905 2650 1036 2693 non
1098 2633 1310 2694 minus
1370 2634 1528 2701 Ζευς
1576 2641 1676 2695 est
1721 2631 2067 2694 hominum
2116 2635 2353 2711 πατήρ,
2401 2646 2467 2694 et
2511 2632 2577 2696 id
2625 2632 2894 2713 quidem

650 2745 833 2806 vario
902 2765 1117 2822 sensu,
1191 2748 1230 2810 i.
1281 2767 1335 2809 e.
1409 2769 1539 2810 non
1599 2748 1787 2810 aliter
1834 2769 1908 2811 ac
1955 2757 2140 2830 pater
2186 2748 2551 2830 appellatur
2598 2748 2893 2810 deorum.

652 2860 826 2922 Nam
895 2881 979 2922 ex
1051 2861 1423 2924 hominibus
1491 2864 1678 2926 multi
1747 2864 1830 2925 ab
1894 2864 2048 2926 love
2096 2865 2217 2925 orti
2266 2883 2408 2924 esse
2455 2864 2779 2936 dicuntur,
2830 2869 2902 2923 ut

650 2993 706 3035 e.
756 2994 853 3055 gr.
949 2973 1220 3039 Danaus
1280 2978 1552 3060 eiusque
1600 2978 1788 3053 filiae,
1840 2977 2193 3060 Aegyptus
2240 2997 2391 3039 cum
2441 2976 2608 3053 filiis,
2658 2977 2899 3058 quippe

652 3089 763 3170 qui
835 3110 1064 3152 omnes
1133 3092 1374 3172 posteri
1445 3076 1660 3154 essent
1732 3090 2014 3172 Epaphi,
2086 3090 2195 3152 filii
2245 3091 2357 3152 Ius
2410 3111 2494 3152 ex
2543 3091 2703 3152 Iove
2750 3109 2899 3152 con-

652 3205 851 3288 cepti;
923 3203 1240 3282 Thebani,
1311 3227 1593 3288 quorum
1661 3226 1910 3288 proava
1979 3205 2209 3268 Venus
2273 3213 2427 3281 erat,
2479 3209 2540 3282 2)
2587 3204 2716 3268 alii.
2789 3203 2898 3267 Sic

654 3319 850 3381 etiam
928 3318 1190 3400 plurimi
1279 3320 1531 3398 Graeci,
1614 3320 2006 3403 plerumque
2091 3340 2222 3382 non
2316 3319 2694 3401 singillatim
2786 3317 2897 3379 sed

651 3434 965 3510 tributim,
1014 3455 1223 3514 genus
1268 3435 1351 3497 ab
1399 3435 1556 3497 Iove
1601 3444 1714 3497 aut
1761 3435 1938 3497 Iovis
1985 3433 2201 3496 liberis
2250 3434 2597 3496 ducebant.

741 3546 837 3608 At
881 3549 1040 3618 Ζεύς
1084 3549 1176 3609 sic
1222 3549 1423 3629 patris
1470 3550 1735 3612 nomine
1779 3557 2066 3624 ornatur,
2114 3548 2301 3629 quasi
2350 3547 2435 3609 sit
2470 3555 2652 3629 pater
2698 3546 2899 3608 totius

653 3658 923 3721 humani
987 3661 1265 3740 generiS,
1328 3681 1478 3723 nam
1525 3663 1567 3723 ii
1616 3663 1812 3724 etiam
1859 3661 1984 3723 hoc
2032 3681 2273 3723 nomen
2322 3661 2465 3724 Iovi
2512 3660 2897 3747 attribuunt,

656 3773 768 3855 qui
839 3772 923 3834 ab
993 3793 1072 3834 eo
1143 3776 1263 3835 orti
1324 3794 1456 3835 non
1504 3775 1649 3837 sint.
1703 3780 1764 3855 3)
1861 3775 2013 3838 Hoc
2060 3775 2210 3837 inde
2257 3775 2386 3836 fieri
2434 3773 2668 3856 potuit,
2718 3775 2899 3855 quod

656 3886 1036 3970 Aeschylus
1084 3908 1307 3951 revera
1351 3897 1609 3972 putaret
1655 3889 1882 3952 Iovem
1927 3889 2221 3951 omnium
2250 3886 2592 3950 hominum
2620 3895 2897 3969 patrem,

658 4003 695 4063 i.
745 4023 799 4064 e.
847 4011 1329 4083 procreatorem
1415 4023 1580 4081 esse,
1664 4003 1729 4065 id
1791 4004 1970 4086 quod
2033 4003 2310 4066 obscure
2359 4001 2702 4082 significari
2763 3999 2903 4062 dixi

731 4312 776 4371 1)
845 4306 944 4356 Cfr.
980 4309 1162 4372 Agant.
1197 4318 1310 4371 504.

727 4400 778 4466 2)
845 4400 980 4464 Scyt.
1020 4411 1142 4462 127:
1175 4400 1410 4465 Κύπρις,
1447 4399 1543 4446 ἅτε
1581 4398 1769 4461 γε’νους
1804 4393 2107 4462 προμάτωρ.

727 4495 777 4560 3)
845 4494 949 4543 Cfr.
985 4496 1115 4559 Sept.
1153 4506 1268 4559 495.
