3442 4975
1777 424 1851 485 18

773 612 1086 689 Dareum,
1161 613 1477 687 Xerxem,
1550 604 1863 674 Atossam
1934 609 2189 673 silentio
2260 611 2709 691 praeterimuS‚
2783 613 2934 693 quia

681 725 1061 809 Aeschylus
1129 728 1192 789 in
1265 726 1478 788 Persis
1548 746 1649 787 res
1721 726 2009 788 Persicas
2078 733 2311 787 tractat
2372 726 2731 807 Persaeque
2779 746 2932 787 suos

684 860 868 924 reges
914 841 1019 903 dei
1068 842 1328 903 nomine
1372 840 1698 923 appellare
1747 860 1879 902 non
1926 838 2139 902 solum
2188 839 2303 901 sed
2342 840 2536 901 etiam
2565 840 2629 900 in
2654 840 2931 902 deorum

683 976 958 1019 numero
1029 955 1353 1018 collocare
1421 955 1737 1019 solebant.
1832 952 2210 1035 Aeschylus
2279 956 2477 1036 igitur
2524 955 2589 1015 in
2638 953 2761 1016 hac
2808 962 2933 1016 tra-

685 1070 921 1153 goedia
967 1090 1219 1131 morem
1271 1070 1610 1131 Persarum
1658 1077 1923 1131 secutus
1971 1076 2089 1131 est.

769 1183 1104 1245 Accurate
1169 1192 1389 1246 tamen
1437 1203 1771 1264 quaerere,
1846 1182 2110 1263 quinam
2158 1180 2497 1262 Aeschylo
2571 1202 2796 1245 revera
2843 1181 2933 1243 dii

683 1296 936 1374 fuerint,
1022 1296 1134 1377 qui
1229 1297 1463 1372 minuS,
1558 1304 1656 1358 est
1743 1314 2013 1377 operam
2052 1303 2284 1376 ¹atque
2354 1294 2568 1357 oleam
2638 1296 2933 1379 perdere,

684 1432 836 1474 cum
903 1430 1145 1491 negare
1215 1410 1416 1471 nolim
1497 1416 1763 1491 poetam
1842 1408 2063 1490 plures
2134 1429 2279 1471 esse
2348 1409 2508 1473 deos
2579 1412 2933 1475 credidisse

685 1545 896 1610 neque
965 1522 1143 1600 mihi,
1215 1522 1297 1585 de
1365 1521 1617 1585 numine
1683 1521 1899 1585 divino
1964 1522 2295 1603 Aeschyleo
2364 1526 2714 1607 scriptum,
2763 1546 2932 1607 opus

685 1641 787 1716 sit,
837 1657 1376 1718 unumquemque
1424 1636 1644 1713 deum,
1695 1636 2064 1699 seiunctum
2111 1636 2194 1699 ab
2244 1640 2496 1715 ceteriS,
2541 1638 2931 1701 describere.

689 1752 821 1815 Hic
888 1750 1313 1832 excipiendae
1383 1759 1570 1813 erunt
1639 1752 1886 1830 ZVIoi‘Qou
1958 1759 2022 1813 et
2088 1754 2400 1831 Ἐρινύες,
2472 1754 2626 1835 quia
2693 1754 2931 1834 partim

685 1866 768 1928 de
837 1864 940 1927 his
1009 1865 1134 1926 diis
1206 1884 1446 1945 magna
1506 1873 1606 1926 est
1666 1865 2129 1941 controversia,
2178 1866 2413 1961 partim
2460 1868 2533 1928 iis
2579 1888 2731 1929 cum
2776 1867 2933 1928 Iove

686 1981 752 2042 in
806 1979 1172 2055 doctorum,
1221 1978 1336 2059 qui
1383 1978 1464 2040 de
1511 1977 1635 2039 hac
1683 1997 1751 2039 re
1798 1979 2215 2059 scripserunt,
2264 1982 2519 2062 scriptis
2566 1981 2647 2043 de
2694 1981 2932 2062 princi-

685 2101 843 2175 patu
917 2100 1268 2155 certamen«
1316 2100 1434 2155 est.
1492 2090 1552 2173 1)
1621 2091 1818 2153 Nunc
1878 2092 2077 2172 igitur
2122 2091 2584 2156 demonstrabo
2634 2094 2933 2178 Aeschy-

685 2208 822 2269 lum
870 2206 1182 2288 implicite
1231 2206 1424 2267 unius
1473 2205 1578 2267 dei
1620 2205 1940 2267 cultorem
1966 2205 2186 2283 fuisse,
2214 2215 2285 2269 ut
2331 2208 2569 2270 deinde
2616 2209 2933 2273 altero

685 2330 749 2383 et
816 2320 1119 2382 tertio
1190 2320 1476 2400 capite
1546 2320 1795 2399 Μοῖραι
1866 2329 1931 2382 et
1999 2322 2287 2399 Ἐρινύες
2355 2321 2511 2403 quid
2562 2323 2679 2385 sibi
2730 2323 2931 2385 velint

685 2434 1044 2497 ostendam.

775 2547 856 2608 ΙΙ.
905 2546 1424 2627 Aeschylu5‚
1495 2548 1879 2628 quamvis
1952 2547 2391 2629 implicite,
2466 2551 2707 2613 unius
2777 2550 2932 2612 dei

686 2680 719 2720 c
749 2657 1011 2720 ultor
1057 2656 1252 2721 suit.
1306 2694 1383 2702 —
1444 2657 1541 2720 Ut
1591 2656 1931 2720 Homerus
1979 2660 2109 2720 iam
2160 2661 2491 2740 quendam
2539 2664 2933 2726 monotheis-

691 2787 874 2834 mum
925 2771 1263 2834 consessus
1303 2779 1397 2833 est
1423 2771 1853 2854 (quamquam
1878 2770 2393 2854 polytheismum
2432 2777 2927 2857 quodammodo

685 2908 816 2950 non
863 2885 1345 2968 excludentem)
1394 2886 1489 2947 sic
1539 2887 1721 2948 multi
1772 2896 1921 2968 post
1968 2887 2153 2950 illum
2202 2891 2585 2972 magistrum
2622 2891 2933 2955 Graeciae

682 3002 859 3064 idem
906 3000 1216 3070 fecerunt.
1265 3001 1429 3062 inter
1476 3019 1645 3081 quos
1693 3000 2070 3082 Aeschylus
2098 3003 2385 3083 primum
2411 3005 2659 3070 obtinet
2684 3006 2929 3068 locum.

619 3096 624 3102 Ι
687 3116 899 3178 Zeller
965 3116 1032 3176 in
1099 3112 1420 3196 Aeschyli
1491 3113 1728 3176 fabulis
1798 3116 2041 3178 invenit
2097 3118 2460 3197 potentiam
2506 3120 2643 3181 sive
2689 3140 2932 3182 numen

687 3231 1003 3306 divinum,
1074 3219 1253 3310 quod
1331 3250 1535 3290 unum
1608 3230 1829 3292 omnia
1888 3231 2227 3311 gubernet.
2324 3232 2524 3313 Quod
2585 3255 2827 3297 numen
2875 3237 2932 3296 ei

686 3344 904 3423 potius
951 3344 1174 3420 ZVIoTQa
1223 3350 1322 3403 est
1362 3363 1558 3423 quam
1587 3345 1764 3412 Ζεύς.
1792 3342 1854 3424 2)
1904 3342 1981 3406 L.
2009 3343 2311 3408 Schmidt
2334 3347 2492 3410 dicit
2517 3348 2931 3430 Aeschylum

685 3577 1034 3632 δι’νάστας....
1056 3576 1307 3641 ἀστέρας,
1344 3575 1525 3639 Agant.
1570 3588 1690 3625 122:
1731 3576 2016 3636 κέλευθος,
2054 3579 2234 3642 Agant.
2274 3590 2398 3643 252:
2436 3583 2637 3648 μητρὸς
2674 3583 2932 3649 δί’φρόιής

685 3669 827 3716 Pers,
863 3680 954 3729 34:
993 3666 1259 3724 Νεῖλος...
1299 3665 1556 3725 ἔπεμψεν.

758 3757 802 3823 1)
856 3758 974 3806 Hoc
1029 3764 1279 3806 certamen
1333 3773 1568 3821 magnam
1620 3763 1813 3820 partem
1865 3759 1983 3808 inde
2031 3766 2195 3809 ortum
2246 3768 2335 3821 est,
2370 3764 2507 3827 quod
2541 3763 2720 3828 legitur
2755 3766 2931 3817 From.

687 3861 981 3915 517—520:

1087 3941 1211 3989 XO.
1251 3944 1330 3999 τίς
1366 3929 1458 3991 οὖν
1496 3941 1737 4008 ἀνάγκης
1775 3944 1922 3990 ἐστὶν
1956 3945 2361 4010 οἷακοστρόφος,·

1088 4033 1212 4080 ΙΙΡ.
1249 4033 1453 4100 ᾹῙοῖραι
1487 4038 1762 4100 τρίμορφοι
1796 4036 2061 4099 μνήμονές
2096 4037 2144 4082 τ’
2178 4035 2444 4103 Ἐρινίές.

1087 4124 1212 4172 ΧΟ.
1248 4127 1448 4174 τούτων
1483 4126 1586 4192 ἄρα
1625 4126 1766 4182 Ζεύς
1803 4127 1949 4174 ἐστιν
1986 4127 2396 4196 ἀσθενέστερος.

1086 4215 1210 4262 ΙΙΡ.
1245 4218 1433 4267 οὔκουν
1470 4216 1538 4264 ἂν
1573 4219 1787 4281 ἐκφύγοι
1824 4237 1883 4281 γε
1921 4223 2023 4282 τὴν
2058 4223 2433 4287 πεπρωμένην.

755 4309 836 4357 De
871 4325 972 4372 quo
1009 4309 1120 4358 loco
1154 4311 1269 4358 vide
1305 4310 1450 4362 infra.

755 4400 804 4464 2)
840 4400 974 4448 Ecce
1027 4407 1159 4449 totus
1227 4402 1393 4452 locus:
1451 4404 1550 4452 Die
1587 4403 1883 4468 Grundlage
1936 4403 2060 4453 aller
2114 4403 2277 4453 seiner
2330 4407 2791 4471 Ueberzeugungen
2825 4406 2925 4454 bil-

685 4495 771 4543 det
819 4493 900 4542 die
951 4493 1220 4543 Ehrfurcht
1277 4511 1366 4542 vor
1417 4497 1519 4544 den
1571 4497 1847 4560 gottlichen
1888 4499 2141 4557 Machten,
2192 4499 2273 4548 die
2308 4501 2431 4548 aber
2463 4500 2571 4548 sein
2606 4499 2931 4564 grossartiger
