3442 4975
1721 423 1803 502 38

626 614 965 698 permagni
1057 618 1158 674 est
1227 610 1560 686 momenti,
1631 609 1846 691 primo
1916 629 2069 671 cum
2137 609 2200 669 in
2271 606 2393 669 hac
2466 605 2687 670 fabula
2756 626 2888 670 non

631 729 713 791 de
784 725 1057 807 singulis
1128 708 1423 805 personis
1493 722 1606 784 sed
1679 720 1762 783 de
1831 722 1985 785 totis
2045 721 2307 803 populis
2354 728 2588 803 agatur
2633 721 2889 803 deaque

631 844 890 922 Μοῖρα,
973 840 1025 901 si
1089 858 1311 901 revera
1371 844 1629 899 exstare
1687 845 2047 918 putaretur,
2117 836 2481 918 potentiam
2550 855 2763 914 suam,
2833 836 2887 899 si

633 956 848 1018 minus
919 954 984 1015 in
1051 951 1267 1034 parvis
1342 949 1554 1027 rebuS,
1625 957 1692 1011 at
1762 958 1935 1012 certe
2004 949 2069 1011 in
2138 950 2393 1031 magnis
2442 949 2890 1012 demonstrare

633 1068 934 1145 debebat,
1006 1074 1148 1129 tum
1216 1066 1430 1141 etiam,
1480 1065 1633 1146 quia
1678 1062 2078 1149 AeschyluS,
2128 1063 2239 1125 ubi
2286 1071 2751 1145 argumentum
2801 1084 2889 1126 ex

635 1180 1052 1264 mythologia
1111 1179 1228 1242 sibi
1279 1186 1666 1260 sumpserat,
1713 1177 2016 1260 perfacile
2060 1178 2172 1239 tali
2217 1176 2478 1239 fabulae
2524 1197 2757 1239 omnes
2807 1178 2890 1240 de

635 1296 754 1357 diis
823 1296 1071 1374 μύθους
1139 1294 1428 1355 intexere
1495 1299 1772 1374 poterat,
1844 1310 1995 1353 cum
2065 1298 2285 1353 tamen
2356 1290 2729 1355 celebrabat
2790 1312 2888 1369 ea,

637 1429 805 1493 quae
867 1427 1090 1472 revera
1135 1415 1333 1490 atque
1378 1406 1580 1488 ipsius
1626 1411 1860 1487 poetae
1905 1411 2116 1467 aetate
2162 1404 2331 1467 facta
2379 1413 2580 1481 erant,
2630 1425 2891 1467 summa

641 1523 898 1586 occasio
961 1522 1017 1583 ei
1079 1519 1472 1583 offerebatur
1519 1539 1676 1582 suae
1722 1519 1805 1581 de
1850 1537 2113 1581 summo
2160 1517 2287 1581 deo
2335 1520 2690 1581 sententiae
2740 1538 2887 1599 pro-

652 1636 924 1699 dendae.
974 1632 1108 1697 Sed
1155 1635 1281 1697 iam
1329 1634 1414 1696 ad
1461 1632 1708 1713 Septem
1753 1632 2159 1715 tragoediam
2205 1631 2690 1714 aggrediamur.

723 1750 798 1811 In
856 1748 980 1812 hac
1027 1746 1364 1831 tragoedia
1409 1767 1546 1810 vox
1590 1751 1781 1825 μοῖρα
1829 1747 2112 1813 occurrit
2155 1767 2261 1809 vv.
2309 1748 2463 1826 489,
2510 1759 2891 1826 922—923,

645 1876 798 1945 955.
891 1861 1224 1925 Sententia
1289 1869 1450 1936 tota,
1517 1862 1582 1922 in
1647 1880 1779 1943 qua
1824 1880 1885 1923 v.
1932 1862 2067 1940 489
2110 1863 2301 1938 μοῖρα
2350 1860 2749 1936 nominatur,
2798 1868 2896 1922 est
2998 1925 3003 1931 ,

649 1978 812 2040 haec
860 1976 990 2060 (vv.
1037 1974 1454 2057 487—491):
2611 1980 2615 1987 ·

1045 2085 1385 2171 (Ὑπέρβιος
1432 2082 1497 2147 δὲ
1547 2082 1761 2157 κεδνὸς
1814 2081 2089 2158 Οἴνοπος
2138 2086 2318 2158 τόκος

1048 2199 1205 2281 ἀνὴρ
1255 2196 1399 2259 κατ’
1447 2196 1654 2279 ἄνδρα
1703 2201 1933 2259 τοῦτον
1985 2195 2206 2283 ᾑρέθη,
2257 2194 2469 2259 θέλων

1045 2313 1438 2395 ἐξιστορῆσαι
1483 2316 1713 2395 μοῖραν
1767 2314 1832 2374 ε’-ν
1882 2312 2061 2396 χρείᾳ
2109 2316 2323 2395 τύχης,

1047 2430 1184 2491 οὔτ’
1231 2420 1394 2501 εἷδο,Ί
1439 2432 1588 2492 οὔτε
1638 2429 1850 2509 θυμὸν
1900 2432 2047 2492 οὔθ’
2092 2424 2313 2490 ὅπλων
2362 2423 2571 2509 σχέσιν

1043 2533 1358 2625 μωμητό;,
1403 2543 1642 2624 (Ερμῆς
1688 2541 1745 2604 δ’
1793 2539 2061 2620 εὐλόγως
2108 2547 2482 2621 συνήγαγεν.

738 2659 891 2721 Hoc
952 2657 1102 2721 loco
1161 2661 1348 2738 μοῖρα
1394 2657 1757 2740 significare
1802 2665 2019 2739 potest
2064 2658 2095 2719 f
2108 2666 2258 2720 atu
2287 2678 2352 2719 m
2399 2665 2464 2719 et.
2509 2677 2607 2718 so
2640 2665 2896 2730 rtem,

648 2773 766 2836 sed
813 2774 950 2836 sive
996 2772 1177 2848 haee,
1225 2774 1365 2835 sive
1412 2771 1520 2834 illa
1563 2773 1779 2834 versio
1828 2773 2038 2854 magis
2084 2770 2321 2854 placet,
2370 2778 2649 2852 utroque
2696 2770 2898 2832 modo

645 2892 832 2967 μοῖρα
880 2895 1053 2949 caret
1098 2887 1230 2949 vita
1275 2885 1733 2968 significatque
1780 2885 1869 2962 id,
1933 2886 2111 2968 quod
2161 2885 2467 2948 divinitus
2514 2893 2612 2946 est
2656 2885 2901 2947 consti-

647 3010 884 3077 tutum,
952 3009 1023 3063 ut
1091 3009 1360 3083 apparet
1425 3020 1509 3062 ex
1582 2998 1679 3061 his
1735 2977 1975 3078 Ἕρμῆς
2036 2996 2365 3074 δἐὐλόγως
2426 3003 2786 3077 συνήγαγεν
2846 3003 2900 3074 1)

651 3125 715 3179 et
763 3135 850 3178 ex
898 3116 1100 3179 verbo
1149 3114 1328 3197 quod
1375 3123 1472 3177 est
1520 3111 1932 3193 ἐξιστορῆσαι.

731 3229 857 3292 Vv.
908 3245 1258 3310 922—923
1308 3228 1595 3310 legitur:

1139 3341 1349 3424 ἔχουσι
1393 3347 1626 3424 μοῖραν
1676 3337 2004 3422 λαχόντες,
2055 3330 2171 3425 [ὦ]
2218 3337 2447 3419 μέλεοι,

1146 3452 1490 3517 διοσδότων
1539 3454 1763 3537 ἀχέων.

741 3571 812 3632 In
861 3570 989 3632 hoc
1033 3545 1224 3633 versu
1272 3576 1457 3651 μοῖρα
1505 3579 1601 3632 est
1650 3591 1835 3632 sors
1874 3579 1986 3633 aut
2027 3589 2245 3652 pars-2.
2294 3567 2364 3631 Si
2404 3569 2904 3651 interpretamur

656 3693 920 3758 sortem,
990 3679 1332 3744 διοσδότων
1405 3682 1612 3764 οέχὲων
1683 3691 1784 3745 est
1854 3685 2199 3765 genetivus
2264 3684 2754 3765 epexegeticu3‚
2804 3683 2903 3744 sin

651 3805 926 3878 partem,
995 3800 1335 3879 genetivus
1396 3799 1759 3880 partitivuS.
1857 3798 1986 3860 Hic
2034 3799 2230 3878 igitur
2273 3801 2466 3877 μοῖρα
2514 3817 2647 3859 non
2694 3797 2904 3877 magis

655 3920 754 3974 est
811 3930 1115 3993 persona,
1185 3934 1382 3996 quam
1446 3913 1508 3974 in
1556 3933 1636 3974 eo
1683 3932 1896 3991 versu,
1944 3912 2027 3975 de
2076 3931 2210 3994 quo
2258 3931 2457 3994 supra
2502 3909 2621 3973 fuit
2668 3929 2905 3986 serm0,

727 4152 772 4209 1)
842 4149 986 4211 Quae
1033 4149 1208 4214 opinio
1255 4164 1356 4198 non
1393 4165 1454 4198 eo
1489 4149 1796 4211 debilitatur,
1832 4149 1967 4214 quod
1998 4147 2213 4216 (Ερμῆς
2246 4148 2380 4197 hanc
2414 4162 2565 4194 unam
2600 4146 2669 4194 ob
2703 4161 2907 4195 causam

655 4241 741 4289 hic
789 4241 1094 4303 nominatur,
1143 4241 1258 4305 quia
1308 4248 1558 4290 certamen
1611 4241 1675 4290 ad
1736 4241 1927 4290 nullum
1980 4241 2129 4290 deum
2178 4239 2345 4304 potius
2397 4239 2606 4288 refertur
2654 4255 2806 4304 quam
2842 4239 2908 4286 ad

651 4331 869 4399 ‘Eppmj‘v
905 4332 1149 4397 ἀγώνιον,
1187 4333 1239 4380 id
1272 4334 1408 4396 quod
1430 4333 1707 4397 Aeschylus
1743 4349 1805 4381 eo
1841 4331 2035 4380 facilius
2071 4333 2233 4380 facere
2269 4332 2447 4396 potuit,
2481 4345 2596 4379 cum
2633 4330 2909 4378 Mercurius

657 4422 902 4487 imprimis
953 4423 1092 4470 Iovis
1143 4431 1271 4472 esset
1325 4424 1542 4473 nuntius.
1577 4424 1710 4475 Vide
1747 4424 1865 4473 Chr.
1903 4424 2108 4474 Scheret
2146 4424 2199 4472 in
2232 4424 2313 4474 W.
2353 4423 2422 4471 H.
2460 4422 2703 4472 Roscheri
2745 4422 2910 4472 lexico

659 4529 698 4568 s,
733 4529 780 4563 v.
818 4514 1051 4569 HermeS.
