3442 4975
1890 399 2010 463 144

911 570 1101 653 Quae
1125 573 1345 633 omnia
1373 580 1443 633 ut
1467 573 1691 652 paucis
1721 571 1935 635 verbis
1961 571 2515 654 comprehendam
2538 595 2551 633 :
2578 572 2747 634 Aes
2765 572 2857 634 ch
2876 571 2955 652 yl
2978 593 3014 632 u
3037 593 3066 632 s

822 706 978 747 non
1027 706 1298 768 capax
1345 686 1505 748 fuit
1553 685 1821 748 ullius
1871 688 2254 750 notionis
2303 686 2435 748 dei
2474 687 2633 750 nisi
2675 689 2869 761 eius,
2912 707 3069 768 qua

822 820 1135 861 summa
1203 800 1540 862 iustitia
1601 800 2127 874 continetur,
2176 801 2261 862 ita
2308 808 2377 862 ut
2421 806 2656 881 poetae
2704 800 2824 880 ipsi
2872 800 3070 862 verba

819 911 1106 974 tribuere
1151 911 1359 989 liceat,
1409 933 1575 994 quae
1624 914 1765 994 ipse
1815 913 2298 989 Prometheum,
2347 913 2645 994 quamvis
2692 912 2821 975 alio
2850 934 3067 988 sensu,

821 1025 1198 1107 loquentem
1245 1025 1393 1088 fecit
1442 1025 1647 1088 From.
1709 1028 2089 1107 189—190:
2140 1018 2281 1088 οἶδα
2325 1025 2423 1086 ὅτι
2486 1076 2499 1090 .
2553 1076 2566 1090 .
2620 1075 2635 1090 .
2675 1030 2829 1107 παρ’
2861 1029 3071 1106 ἑαυτῷ

820 1140 894 1199 τό
984 1135 1232 1199 δίκαιον
1328 1135 1492 1219 ἔχων
1585 1141 1762 1210 Ζεύς.
1878 1139 2061 1201 Deus
2152 1141 2324 1202 enim
2411 1139 2828 1221 Aeschyleus
2915 1141 3073 1203 facit

818 1253 1087 1336 aliquid,
1157 1273 1288 1315 non
1359 1253 1538 1338 quod
1612 1255 1702 1316 ita
1770 1254 1983 1318 facere
2052 1255 2296 1316 iustum
2346 1255 2447 1330 sit,
2495 1254 2610 1316 sed
2658 1254 2903 1318 iustum
2950 1264 3069 1329 est,

820 1367 973 1450 quia
1022 1366 1315 1448 Iuppiter
1359 1366 1488 1430 hoc
1534 1367 1705 1430 facit.

908 1593 1123 1676 Supra
1193 1595 1328 1656 dixi
1404 1595 1506 1657 dei
1575 1597 1983 1658 sanctitatem
2057 1598 2252 1661 etiarn
2302 1595 2455 1659 inde
2500 1616 2834 1678 apparere,
2884 1596 3075 1677 quod

821 1709 983 1771 deus
1053 1729 1258 1772 verax
1305 1708 1641 1772 habeatur.
1693 1709 1884 1798 Quae
1929 1711 2152 1772 divina
2200 1711 2437 1773 veritas
2487 1710 2715 1792 (quam
2761 1708 3057 1790 theologi

819 1823 1236 1885 veracitatem
1306 1822 1661 1904 appellant)
1732 1824 1803 1886 in
1869 1845 1949 1886 eo
2019 1825 2139 1886 sita
2185 1832 2302 1899 est,
2352 1823 2533 1905 quod
2582 1823 2688 1885 dei
2738 1822 2929 1902 dicta,
2978 1822 3061 1883 ad

821 1958 988 2019 quae
1059 1936 1324 2000 oracula
1394 1946 1458 1999 et
1525 1936 1834 1999 vaticinia
1894 1946 1957 2000 ct
2003 1938 2262 2000 somnia
2308 1946 2460 2000 sunt
2508 1936 2863 2012 referenda,
2912 1957 3062 1998 cum

823 2051 1006 2113 sactis
1074 2051 1214 2112 eius
1276 2051 1706 2114 consentiunt.
1760 2051 1863 2112 Dc
1910 2053 2049 2113 eius
2098 2051 2331 2134 (Iovis)
2379 2051 2565 2114 dictis
2611 2051 2847 2114 veritas
2896 2049 3065 2111 affir-

824 2173 1036 2227 matur
1081 2186 1119 2227 a
1170 2165 1502 2228 Mercurio
1547 2167 1756 2231 Prom.
1814 2183 2282 2246 1031—1032:
2738 2169 2741 2174 ’

1182 2276 1596 2359 ψευδηγορεῖν
1646 2280 1764 2360 γὰρ
1811 2278 1921 2341 οὐκ
1972 2278 2316 2340 ἐπίσταται
2365 2281 2564 2357 στόμα

1178 2393 1250 2452 τὸ
1300 2394 1476 2470 Δῖον,
1526 2390 1696 2454 ἀλλὰ
1746 2397 1880 2454 πᾶν
1930 2391 2082 2465 ἔπος
2131 2391 2319 2471 τελεῖ,

823 2506 1062 2589 quibus
1110 2507 1326 2568 verbis
1375 2506 1614 2569 chorus
1658 2509 2007 2571 assentitur
2054 2529 2158 2571 vv.
2218 2510 2672 2587 1035—1038.
2712 2505 2768 2587 1)

913 2619 1116 2699 Quod
1186 2620 1269 2681 ad
1341 2619 1758 2683 oraculorum
1830 2631 1892 2683 et
1961 2622 2412 2683 vaticiniorum
2484 2621 2842 2695 veritatem,
2906 2619 3067 2708 haec

822 2734 1114 2815 primum
1183 2742 1270 2796 ex
1316 2753 1396 2794 eo
1442 2742 1733 2815 apparet,
1783 2735 1962 2816 quod
2012 2736 2074 2796 in
2124 2733 2444 2815 Aeschyli
2491 2734 2844 2817 tragoediis
2891 2732 3069 2795 nulla

823 2870 943 2925 reS,
992 2869 1162 2930 quae
1209 2836 1480 2909 alicuius
1529 2848 1825 2911 videatur
1874 2830 2607 2929 momenti,‘peragitur‚
2656 2849 2814 2930 quin
2841 2832 3067 2933 oracu-

824 2961 960 3023 lum
1029 2959 1408 3023 consulatur
1455 2970 1566 3023 aut
1613 2962 1968 3023 divinando
2016 2962 2120 3023 dei
2168 2960 2469 3025 voluntas
2517 2962 2919 3043 exquiratur.
2958 2959 3065 3056 ‘'Si

822 3078 996 3140 enim
1046 3077 1195 3139 Deo
1241 3066 1578 3141 veritatem
1626 3077 2055 3157 denegamuS,
2094 3076 2216 3158 ’qui
2252 3076 2392 3139 eius
2416 3074 2699 3169 oraculis
2722 3083 2837 3160 aut
2860 3074 3067 3156 signis

823 3191 1088 3253 credere
1132 3196 1552 3273 possumus?
1623 3190 2031 3277 Divinationi²
2097 3190 2275 3252 nulla
2321 3188 2481 3251 fides
2530 3188 2897 3265 haberetur,
2946 3186 3065 3249 nisi

824 3304 1122 3367 homines
1191 3313 1495 3386 putarent
1556 3304 1755 3365 de'um
1818 3304 1905 3377 id,
1949 3280 2137 3395 Ἰ(μιὸᾴ
2186 3323 2303 3385 per
2350 3280 3065 3383 omina‘significassess

824 3438 1050 3481 revera
1096 3418 1537 3500 perfecturum
1583 3437 1744 3480 esse.
1776 3416 2205 3499 ‘Aeschylum
2240 3414 2459 3480 autem
2486 3436 2793 3497 magnam
2824 3416 3065 3477 divina-

822 3533 981 3595 tioni
1042 3533 1493 3594 auctoritatem
1540 3531 1826 3593 tribuere
1873 3531 2023 3624 inde
2068 3539 2355 3611 apparet,
2405 3516 2583 3613 quod
2634 3522 3065 3592 Prometheus

829 3658 950 3667 -“

824 3718 976 3767 modo
1009 3717 1240 3765 homines
1271 3725 1399 3778 sunt,
1433 3717 1584 3765 modo
1617 3717 1822 3765 bestiae.
1862 3717 1940 3764 De
1974 3732 2074 3780 quo
2110 3732 2248 3765 more
2279 3716 2411 3780 apud
2430 3716 2649 3764 Graecos
2667 3729 2866 3779 quoque
2884 3713 3065 3761 usitato

824 3809 940 3857 vide
992 3808 1223 3872 Lasaulx‚
1276 3808 1370 3856 Die
1420 3807 1701 3871 S'uhnopser
1750 3809 1838 3857 der
1886 3808 2136 3857 Griechen
2172 3808 2274 3856 und
2310 3808 2498 3856 Romer
2533 3808 2632 3855 und
2662 3806 2742 3854 ihr
2778 3804 3069 3854 Verhfiltnis

824 3916 884 3947 zu
933 3900 1052 3947 dem
1087 3885 1233 3947 einen
1270 3896 1359 3947 auf
1387 3896 1662 3960 Golgotha,
1697 3900 1974 3963 VVurzburg
2016 3901 2158 3961 1841.
2193 3927 2259 3937 —
2294 3900 2357 3948 In
2392 3886 2630 3963 Aeschyli
2665 3899 2839 3947 Prom.
2876 3896 3067 3945 Chiron

825 3990 939 4037 huic
991 3991 1063 4038 rei
1115 3992 1418 4039 docamcnto
1466 3997 1554 4049 est,
1591 3990 1642 4038 in
1677 3991 1857 4055 Agant.
1894 3992 2046 4039 verba
2084 3992 2308 4056 Aegisthi
2341 3993 2441 4055 (vv.
2482 3989 2845 4055 1548—1582).
2915 3987 3065 4049 Quod

827 4080 924 4128 nisi
959 4080 1027 4129 ita
1060 4089 1202 4141 esset,
1238 4081 1323 4146 qui
1359 4063 1708 4148 Christus-pro
1746 4083 1926 4131 nostris
1961 4084 2174 4147 peccatis
2209 4084 2489 4135 satisfacere
2524 4084 2798 4149 potuisset?

900 4170 944 4237 1)
1093 4171 1218 4219 XO.
1289 4175 1414 4237 ἡμῖν
1448 4193 1547 4232 μεν
1579 4172 1791 4240 εΕρμῆς
1826 4175 1915 4222 οὐκ
1952 4173 2147 4240 ἄκαιρα
2186 4178 2430 4232 φαίνει-(ιι

1293 4264 1487 4329 λέγειν
1525 4265 1694 4330 α’νωγε
1736 4265 1840 4332 γάρ
1880 4280 1933 4314 σε
1979 4270 2073 4330 τὴν
2110 4266 2405 4315 ιιιῖθαδίαν

1291 4356 1519 4417 μεθέντ’
1558 4359 1784 4424 ἐρευνᾶν
1829 4362 1923 4422 cisat
1961 4363 2125 4423 σοφὴν
2162 4358 2470 4417 εὐβουλίαν.

1293 4448 1481 4497 πιθοῦ·
1523 4451 1651 4516 σοφῷ
1689 4450 1793 4516 γὰρ
1833 4453 2051 4516 αἰσχρὸν
2088 4451 2496 4519 ἐξαμαρτάνειν.
