3442 4975
1819 511 1941 589 146

745 699 1028 779 angitur,
1095 697 1277 780 quod
1347 697 1546 780 paulo
1619 707 1770 762 ante
1843 709 2121 763 mortem
2168 698 2423 762 habuit.
2479 697 2541 782 1)
2583 697 3001 783 Aeschylum

745 821 966 875 autem
1017 812 1426 894 gravioribus
1472 813 1745 875 somniis
1794 813 2113 895 originem
2162 814 2447 877 divinam
2490 814 2795 876 tribuisse
2816 822 2998 896 patet

745 946 832 989 ex
879 947 980 1004 e0,
1030 927 1211 1010 quod
1239 935 1514 1008 utraque
1542 926 1792 1002 mulier,
1819 927 2135 990 Atossam
2162 929 2311 990 dico
2337 936 2401 990 et
2429 926 2992 1010 Clytaemestram,

746 1039 870 1101 diis
915 1039 1344 1102 sacrificando
1395 1041 1644 1103 malum
1691 1050 1997 1104 eventum
2038 1051 2329 1104 avertere
2356 1051 2650 1118 conatur,
2677 1041 2995 1124 quodque

746 1153 858 1214 Ius
930 1153 1264 1216 somnium
1333 1154 1613 1216 oraculis
1655 1154 2058 1217 Dodonaeo
2126 1165 2189 1217 et
2252 1153 2494 1236 Pythio
2541 1154 2992 1231 confirmatur3

742 1275 883 1328 tum
955 1286 1036 1328 ex
1113 1286 1214 1343 e0,
1287 1268 1468 1349 quod
1537 1269 1947 1331 somniorum
2018 1271 2399 1349 interpretes
2471 1269 2711 1329 θεόθεν
2776 1265 2993 1330 λακεῖν

745 1380 1069 1443 dicuntur.
1123 1380 1186 1462 2)
1252 1379 1510 1460 Quodsi
1560 1365 1722 1443 deus
1770 1383 2035 1464 quidem
2084 1385 2335 1444 somnia
2381 1384 2711 1459 excitaret,
2764 1391 2837 1445 ut
2880 1401 2997 1464 per

748 1515 827 1556 ea
874 1515 1025 1556 cum
1073 1492 1452 1556 hominibus
1501 1494 1745 1575 aliquid
1786 1470 2327 1571 communicaret,
2379 1515 2497 1556 nec
2545 1504 2764 1557 tamen
2788 1515 2993 1558 verax

745 1617 935 1683 esset,
984 1609 1142 1691 quid
1187 1607 1762 1672 tandem—somnia
1808 1609 2121 1672 haberent
2168 1610 2535 1672 momenti?

837 1721 1025 1783 Haec
1095 1723 1177 1782 de
1246 1720 1351 1782 dei
1420 1721 1690 1783 veritate
1754 1723 1882 1786 iam
1946 1722 2338 1798 sufficerent,
2386 1723 2507 1784 nisi
2557 1723 2622 1783 in
2668 1719 2993 1802 Aeschyli

743 1833 1101 1915 tragoediis
1170 1833 1293 1895 loci
1366 1843 1808 1912 occurrerent,
1880 1835 1988 1897 ubi
2060 1837 2225 1898 deus
2277 1836 2567 1918 ¹minime
2638 1834 2998 1902 mendaciis

745 1948 1068 2011 abstinere
1115 1948 1430 2011 videatur.
1501 1949 1766 2030 Fragm.
1820 1965 1945 2029 302
1994 1949 2123 2033 (ed.
2172 1949 2433 2023 Nauck)
2486 1949 2757 2031 legitur:

1110 2058 1369 2142 ψευδῶν
1419 2058 1485 2122 δὲ
1534 2062 1753 2142 καιρὸν
1802 2061 1945 2123 ἔσθ’
1989 2063 2151 2124 ὅπου
2200 2071 2355 2144 τιμᾲ
2403 2067 2573 2134 θεὸς.

750 2186 815 2239 et
863 2177 1098 2256 Agum·
1143 2189 1536 2257 454—-4572
2106 2166 2109 2169 ’

1147 2289 1342 2371 πυρὸς
1389 2287 1446 2350 δ’
1491 2287 1605 2350 ὑπ’
1653 2287 1989 2368 εὐαγγέλου

1149 2388 1340 2463 πόλιν
1390 2399 1584 2481 διήκει
1632 2405 1764 2464 θοὰ

1153 2514 1354 2599 βάξις·
1403 2518 1460 2577 εἷ
1505 2514 1562 2577 δ’
1611 2518 1937 2596 ἐτήτυμος,

1152 2629 1248 2700 τίς
1294 2622 1478 2707 οἶδεν,
1527 2633 1568 2705 ἦ
1612 2653 1708 2691 τοι
1757 2634 1935 2695 θεῖόν
1985 2630 2116 2691 ἐστι
2164 2632 2245 2709 μὴ
2299 2634 2534 2710 ψύθος.

832 2754 929 2817 At
975 2754 1087 2817 illo
1133 2754 1500 2836 fragmento
1547 2755 1710 2817 deus
1760 2776 1891 2817 non
1940 2756 2173 2818 dicitur
2212 2756 2492 2832 mentiri,
2520 2757 2635 2819 sed
2660 2757 2988 2819 interdum

747 2869 1098 2931 mendaciis
1181 2869 1242 2947 (i.
1313 2888 1369 2930 e.
1442 2868 1783 2931 hominum
1856 2870 2211 2933 mendaciis
2278 2869 2381 2933 vel
2453 2870 2803 2953 erroribus)
2877 2872 2989 2947 uti,

745 2982 950 3045 altero
995 2991 1212 3045 autem
1261 3002 1348 3045 ex
1393 2983 1632 3063 Agam.
1682 2983 1830 3046 loco
1878 2983 2230 3059 dubitatur,
2277 3004 2361 3046 an
2408 2983 2516 3046 illa
2556 2983 2784 3046 celeris
2821 2984 2995 3046 fama

745 3095 900 3181 (θοὰ
969 3093 1172 3177 βάξις)
1221 3096 1440 3160 divina
1485 3097 1662 3160 fraus
1709 3098 1813 3162 sit.
1913 3097 2065 3159 Hoc
2112 3099 2311 3180 igitur
2358 3097 2505 3160 loco
2554 3098 2719 3161 deus
2770 3118 2993 3160 rursus
3058 3150 3061 3153 ,

720 3194 982 3274 'dicitur
1050 3210 1304 3273 efficere
1372 3230 1588 3293 posse,
1664 3220 1735 3273 ut
1803 3211 2105 3274 homines
2169 3214 2563 3275 mentiantur
2608 3212 2712 3275 vel
2762 3193 2994 3274 salsam

748 3324 1090 3407 divulgent
1133 3325 1400 3402 samam,
1450 3327 1768 3408 nonipse
1818 3327 2070 3387 mentiri
2118 3334 2407 3408 putatur.
2454 3324 2523 3389 Si
2564 3334 2785 3389 autem
2838 3324 2997 3396 Ζεύς

747 3437 939 3500 ἄδικα
987 3436 1154 3519 νέμει
1204 3445 1418 3530 κακοῖς
1465 3439 1716 3523 (Suppl.
1770 3440 2169 3523 388-389),
2213 3460 2428 3521 neque
2462 3437 2721 3521 ἀπάτης
2747 3436 2996 3509 δικαίας

747 3554 1112 3615 ἀποστατεῖ
1178 3554 1432 3637 (fragm.
1505 3554 1683 3636 301),
1757 3554 1796 3615 i.
1867 3574 1925 3615 e.
1994 3553 2048 3616 si
2099 3553 2317 3617 divina
2364 3554 2610 3617 iustitia
2660 3555 2991 3618 interdum

749 3690 887 3739 rem
957 3689 1036 3731 eo
1105 3669 1422 3749 perducit,
1473 3676 1544 3730 ut
1589 3666 1902 3730 homines
1950 3688 2253 3749 perverse
2300 3676 2519 3749 agant,
2565 3669 2791 3750 quidni
2839 3669 2994 3731 item

749 3783 960 3858 faciat,
1011 3791 1082 3844 ut
1127 3801 1430 3863 perverse
1476 3780 1827 3863 loquantur
1873 3781 1977 3844 vel
2028 3782 2465 3845 mentiantur?
2559 3782 2745 3844 Haec
2794 3782 2993 3863 igitur

747 3897 830 3959 ad
899 3895 1173 3958 eandem
1243 3895 1421 3958 illam
1483 3895 1932 3978 quaestionem
2000 3872 2294 3972 redeunt,
2344 3896 2453 3977 qui
2502 3896 2641 3959 scil.
2693 3895 2995 3959 homines

747 4030 1019 4092 peccare
1049 4019 1112 4073 et
1136 4006 1352 4092 puniri
1377 4010 1653 4092 possint,
1683 4029 1802 4071 nec
1827 4019 2045 4072 tamen
2072 4009 2432 4093 quidquam
2460 4029 2495 4071 e
2521 4010 2737 4073 divina
2765 4010 2993 4072 mundi

749 4124 1220 4205 gubernatione
1267 4124 1351 4186 sit
1397 4124 1861 4205 excipiendum
1902 4134 2017 4187 aut
2043 4124 2191 4186 Deo
2218 4124 2460 4186 iustitia
2484 4124 2565 4186 sit
2587 4123 2992 4205 abroganda.

751 4237 972 4318 Quam
1020 4237 1202 4334 litem
1249 4237 1626 4319 Aeschylus
1675 4242 1805 4301 non
1855 4238 2130 4302 diremit.
2182 4238 2327 4300 Nec
2371 4238 2609 4319 potuit,
2658 4258 2809 4301 nam
2850 4236 2994 4299 nul-

819 4490 862 4549 ι)
900 4486 1129 4550 Choeph.
1168 4498 1381 4547 22—42.

816 4578 866 4645 2)
903 4578 1132 4641 Choeph.
1165 4589 1246 4640 37.
