3442 4975
1642 434 1718 504 53

515 590 615 677 ⁹v.
664 613 792 693 718
864 619 1086 674 tamen
1148 610 1432 674 fatentur
1477 630 1733 674 sorores
1780 618 1998 673 mente
2042 610 2327 694 privatas
2367 610 2569 674 fuisse
2604 611 2803 677 ¹vino:

864 722 1016 806 οἴνῳ
1065 727 1538 805 παρηπάτησας
1584 722 1858 806 ἀρχαίας
1904 727 2085 795 θεάς.

641 842 890 921 Μοῖραι
937 838 1136 922 igitur
1182 838 1398 901 ebriae
1437 837 1718 903 fuerunt.
1766 838 1980 917 Unde,
2008 837 2172 901 heu!
2200 847 2363 922 quot
2389 847 2804 922 quantaeque

553 954 956 1018 calamitates
1060 954 1178 1016 toti
1284 951 1574 1015 humano
1668 953 1892 1033 generi
1980 953 2329 1017 imminere
2418 954 2804 1036 potuissent,

553 1067 799 1152 quippe
860 1066 1043 1150 quod
1089 1066 1175 1129 ab
1221 1065 1324 1129 his
1370 1064 1566 1129 ebriis
1615 1065 1861 1129 deabus
1909 1066 2261 1149 regeretur.
2356 1066 2803 1130 Nihilominus

552 1183 618 1246 in
687 1180 1056 1245 Prometheo
1123 1181 1263 1261 ipse
1335 1174 1767 1244 Prometheus
1838 1200 2063 1243 rursus
2124 1182 2214 1245 ait
2260 1179 2520 1263 Μοίρας
2566 1181 2803 1265 guber-

551 1295 860 1361 naculum
928 1294 1332 1358 necessitatis
1401 1304 1621 1358 tenere
1699 1300 1777 1374 1).
1892 1295 1991 1359 At
2058 1316 2189 1358 non
2261 1295 2476 1359 solum
2547 1298 2798 1376 Μοῖραι

552 1408 901 1492 τρίμορφοι,
985 1409 1182 1473 etiam
1256 1406 1571 1489 ’μνήμονες
1656 1410 1944 1489 Ἐρινύες
2026 1408 2181 1472 hocv
2222 1408 2488 1473 faciunt.
2536 1410 2797 1493 (From.

555 1523 976 1611 517-522)=
1225 1628 1250 1639 ⁶

834 1637 1126 1713 XO.·vt'9
1172 1640 1286 1699 οὑν
1336 1636 1618 1718 ἀνάγκης
1669 1634 2368 1718 ἕστὶνοῖακοστρόφοςς

815 1758 974 1816 ΠΡ.
1023 1756 1277 1834 Μοῖραι
1325 1750 1652 1834 τρίμορφοι
1697 1747 2011 1831 μ’νήμονές
2056 1754 2116 1811 τ’
2161 1751 2472 1831 Ἐρινύες.

842 1870 986 1929 ΧΟ.
1037 1868 1286 1930 τούτων
1334 1868 1461 1946 ἄρα
1505 1866 1664 1938 Ζεύς
1708 1866 1881 1950 ἐστιν(
1929 1862 2413 1947 ἀσθενέστερο;.’

815 1985 973 2042 ΠΡ.
1027 1983 1255 2045 οὔκουν
1303 1980 1385 2040 ἂν
1437 1978 1689 2057 ἐκφύγοι
1742 2002 1809 2057 γε
1859 1980 1977 2059 τὴν
2026 1976 2471 2062 πεπρωμένην.

836 2098 978 2158 XO.
1028 2093 1093 2155 τί
1138 2094 1258 2175 γὰρ
1308 2090 1646 2174 πέπρωται
1697 2094 1855 2174 Ζηνὶ
1910 2090 2080 2173 πλὴν
2129 2092 2227 2155 ἀεὶ
2276 2100 2559 2176 noaz-eir,-

813 2215 974 2271 ΠΡ.
1023 2209 1202 2271 τοῦτ’
1246 2205 1357 2268 οὐκ
1404 2208 1486 2268 ἄν
1536 2198 1648 2269 οὖν
1697 2207 2503 2291 πυ’θοιο·μηδὲ’λιπόερει.“
2558 2226 2565 2232 “

631 2326 861 2408 Itaque
928 2344 1190 2387 summa
1255 2330 1544 2405 potestas
1613 2322 1745 2385 iam
1815 2324 1979 2386 inter
2050 2322 2309 2405 Μοίρας
2378 2333 2444 2387 et
2510 2326 2787 2407 Erinyes

543 2440 779 2523 partita
868 2446 986 2533 est.
1105 2436 1235 2502 Sed
1331 2435 1672 2520 quomodo
1756 2444 1855 2500 est
1928 2437 2443 2521 intellegendum
2515 2439 2794 2522 Erinyes

543 2554 1062 2638 gubernaculum
1155 2552 1555 2616 necessitatis
1625 2537 1889 2616 tenere?
1997 2552 2182 2616 Itane
2252 2563 2324 2618 ut
2398 2555 2796 2636 constituant

543 2669 794 2733 satum?
886 2667 1042 2731 Hoc
1087 2676 1306 2761 tamen
1353 2666 1535 2736 nullo
1584 2667 1801 2730 modo·
1834 2667 1968 2730 fieri
2014 2675 2253 2766 potest.
2316 2667 2578 2733 Putabit
2624 2668 2791 2732 forte

540 2782 770 2867 aliquis
852 2782 1022 2845 hanc
1093 2782 1418 2863 Erinyum
1486 2790 1880 2864 potestatem
1949 2782 2107 2845 inde.
2169 2783 2345 2862 oriri,
2414 2783 2595 2866 quod
2657 2784 2794 2872 *sint

542 2897 814 2978 ΠΙοιρῶν
885 2916 1160 2974 sororeS,
1229 2916 1268 2958 a
1335 2896 1573 2978 quibus
1645 2897 1867 2959 omnia
1936 2917 2105 2979 quae
2152 2877 2386 2978 ⁶velint,
2449 2898 2793 2979 impetrare

542 3011 800 3093 possint
848 3011 936 3096 2).
1004 2985 1160 3074 Se‘d·
1205 3008 1622 3091 Aeschylum
1692 3010 1786 3072 sic
1854 3010 1936 3073 de
1999 3011 2122 3092 diis
2185 3012 2575 3093 cogitavisse
2622 3012 2790 3094 quiS,

538 3133 724 3188 extra
790 3126 1030 3201 iocum,
1101 3122 1552 3188 contenderit?
1643 3122 1713 3186 Si
1783 3133 2005 3187 autem
2072 3131 2266 3206 poi-ita
2334 3145 2413 3188 eo
2476 3133 2791 3207 tempore,

539 3259 673 3321 quo
721 3224 1186 3303 Prometheum
1233 3238 1505 3320 scripsit,
1554 3257 1706 3302 vere
1754 3237 2133 3320 credidisset
2177 3247 2307 3318 tres
2349 3238 2489 3302 illas
2527 3236 2791 3319 Μοίρας

609 3487 656 3554 1)
724 3489 816 3538 Ex.
852 3504 932 3537 vv.
967 3484 1262 3552 892—894=

1071 3581 1281 3645 μήποτε
1315 3579 1528 3646 μήποτέ
1562 3580 1637 3640 μ’,
1674 3566 1713 3629 ὦ

1071 3705 1084 3718 .
1106 3706 1117 3717 .
1140 3706 1152 3717 .
1171 3669 1393 3738 Μοῖραι,
1431 3671 1626 3738 λεχέων
1664 3671 1795 3730 Διὸς
1832 3671 1999 3722 εὐνά-

1070 3781 1260 3832 τειραν
1293 3763 1514 3813 ἴδοισθε
1549 3763 1841 3814 πέλουσαν·

600 3856 730 3906 nihil
793 3856 857 3905 de
918 3854 1132 3922 Μοιρῶν
1185 3862 1427 3920 potestate
1478 3855 1654 3920 colligi
1706 3863 1889 3922 potest,
1952 3859 2091 3922 quod
2140 3857 2475 3923 unusquisque
2528 3860 2789 3920 concedet,

533 3948 615 3997 cui
667 3951 1097 4016 προσωποποιίας
1147 3948 1200 3996 in
1249 3949 1491 4013 Aeschyli
1542 3948 1727 3998 fabulis
1778 3965 1893 3999 usus
1945 3951 2063 4000 satis
2107 3957 2184 4002 est
2228 3958 2394 4002 notus,
2461 3951 2782 4016 Quamquam

532 4039 770 4091 Blumner
820 4040 968 4091 verbi·
1013 4041 1150 4106 quod
1200 4046 1274 4090 est
1304 4040 1526 4091 ἴδοισθε
1563 4041 1664 4090 vim
1702 4057 1806 4091 non
1840 4042 2222 4092 diminuendam
2255 4048 2395 4108 putat
2428 4043 2515 4092 sed
2550 4043 2679 4092 ultro
2715 4043 2785 4094 ita

535 4132 962 4182 corroborandam
996 4139 1145 4198 atque
1180 4133 1600 4199 exaggerandam,
1635 4141 1688 4184 ut
1722 4134 1939 4186 scribere
1968 4135 2181 4200 potuerit
2209 4152 2257 4200 p.
2283 4147 2405 4186 120:
2444 4135 2579 4196 „Die
2594 4135 2785 4185 hohere

533 4225 710 4274 Macht
743 4225 834 4274 der
869 4225 1069 4274 Moiren
1103 4224 1165 4288 (si
1201 4241 1316 4274 cum
1350 4225 1491 4274 Iovis
1525 4232 1768 4291 potestate
1802 4226 2137 4293 comparatur)
2170 4227 2301 4292 zeigt
2335 4227 2444 4277 sich
2474 4227 2601 4277 auch
2622 4228 2783 4288 darin,

531 4317 644 4366 dass
703 4317 788 4367 die
822 4316 1141 4377 Okeaniden,
1175 4317 1248 4366 als
1283 4316 1356 4367 sie
1391 4318 1494 4366 Io's
1527 4318 1709 4367 Irrsale
1744 4319 2067 4384 vernehmen,
2095 4318 2212 4382 jene
2247 4319 2522 4369 Gottinnen
2554 4318 2794 4386 anrufen,

530 4407 601 4460 sie'
632 4426 724 4459 vor
758 4410 902 4458 Zeus’
940 4408 1099 4460 Liebe
1132 4424 1190 4458 zu
1224 4407 1543 4460 bewahren.'’

597 4500 649 4569 2)
684 4501 817 4552 Vide
851 4517 957 4550 rem
990 4500 1236 4570 Erinyum
1272 4501 1399 4566 Cap.
1433 4502 1519 4550 111
1552 4507 1831 4554 tractatam.
