3442 4975
1632 436 1714 498 37

637 608 710 669 In
779 605 986 671 Persis
1051 626 1188 670 vox
1253 609 1440 686 μοῖρα
1511 605 1614 667 bis
1661 606 2016 683 invenitur,
2088 628 2193 671 vv.
2243 622 2504 689 93—-95
2558 609 2691 674 scil.
2738 618 2804 673 et

551 722 926 803 896-898.
1023 722 1240 785 Priore
1285 719 1434 783 loco
1480 719 1753 801 legitur:
2091 714 2100 723 ’

1260 835 1502 894 θεόθεν
1549 834 1668 914 γὰρ
1719 834 1889 899 κατὰ
1935 834 2094 915 μοῖρ’

1263 948 1604 1029 ἐκράτησεν
1653 948 1728 1007 τὸ
1775 944 2021 1009 παλαι-

1264 1066 1358 1138 όν,

550 1176 757 1240 altero
804 1175 952 1238 loco
989 1198 1004 1238 :

917 1342 922 1347 ,
1039 1288 1162 1349 εἴθ’
1211 1286 1414 1367 ὅφελε,
1463 1291 1609 1367 Ζεῦ,
1659 1288 1817 1369 κοέμὲ
1862 1289 1997 1369 μετ’
2049 1287 2310 1371 ἀνδρῶν

1042 1403 1174 1464 τῶν
1221 1402 1562 1486 οἰχομένων

1038 1520 1341 1579 θανάτου
1389 1519 1558 1579 κατὰ
1603 1522 1792 1599 μοῖρα
1842 1515 2155 1599 καλύψαι.

635 1634 710 1695 In
756 1631 885 1695 hoc
929 1641 1266 1715 postremo
1311 1654 1502 1697 versu
1544 1636 1846 1694 θανάτου
1888 1637 2073 1714 μοῖρα
2098 1633 2477 1715 simpliciter
2500 1635 2791 1703 θάνατος

551 1747 677 1810 dici
771 1747 998 1829 possit,
1091 1768 1243 1810 nam
1335 1750 1637 1809 θανάτου
1730 1757 1829 1812 est
1894 1749 2235 1830 genetivus
2304 1748 2797 1829 epexegeticuS.

451 1930 456 1935 ,
550 1864 753 1924 Porro
814 1860 1468 1926 animadvertendum
1516 1870 1617 1925 est
1662 1860 1792 1924 hoc
1838 1861 1988 1924 loco
2034 1866 2319 1925 mortem
2367 1880 2499 1923 non
2544 1862 2627 1927 ab
2677 1860 2802 1925 dea

551 1975 770 2057 aliqua
841 1973 1091 2059 Μοίρᾳ,
1161 1973 1277 2037 sed
1323 1975 1406 2037 ab
1457 1972 1636 2053 Iove,
1685 1977 1985 2058 quamvis
2033 1975 2318 2057 obliquis
2362 1975 2597 2053 verbiS,
2645 1978 2799 2058 peti.

552 2088 756 2170 Quod
827 2110 890 2150 v.
937 2104 1020 2168 93
1086 2087 1346 2170 legitur,
1411 2089 1650 2149 θεόθεν
1696 2093 1919 2169 μοῖραν
1968 2088 2141 2165 dico,
2187 2086 2349 2151 haec
2396 2087 2595 2151 verba
2642 2087 2798 2150 nihil

548 2201 724 2265 aliud
771 2200 1136 2284 significant
1180 2202 1297 2263 nisi
1343 2199 1750 2265 voluntatem
1796 2201 1901 2265 vel
1948 2201 2291 2265 consilium
2342 2201 2462 2266 dei.

615 2315 794 2378 'Hoc
841 2314 1040 2397 igitur
1085 2314 1264 2379 loco·
1279 2318 1468 2395 μοῖρα
1514 2336 1647 2379 non
1695 2324 1796 2379 est
1840 2335 2140 2398 persona,
2188 2334 2401 2398 neque
2441 2316 2797 2398 quicquam

550 2432 616 2495 in
667 2430 868 2495 dubio
916 2440 1034 2510 est,
1059 2428 1185 2494 nisi
1210 2427 1362 2508 hoe,
1386 2430 1532 2516 quis
1557 2430 1640 2494 sit
1665 2429 1775 2493 ille
1799 2429 1983 2508 deuS‚
2010 2430 2195 2494 cuius
2218 2434 2405 2511 μοῖρα
2430 2429 2791 2512 ἐκράτησεν.

550 2547 754 2610 Estne
824 2546 946 2609 dea
1015 2547 1262 2626 Μοῖρα,
1331 2565 1414 2610 an
1484 2543 1665 2623 Ζεύς,
1734 2566 1821 2608 an
1866 2553 2081 2609 totum
2130 2541 2476 2608 consilium
2523 2546 2798 2609 deorum

549 2659 747 2744 (θεῶν
795 2661 1156 2740 πανάγυρις
1203 2659 1374 2740 Sept.
1426 2676 1801 2736 201—202,
1850 2659 1954 2723 vel
2000 2654 2335 2732 ξυντέλεια
2386 2657 2556 2740 Sept.
2600 2660 2796 2741 233)?

549 2773 704 2836 Non
790 2779 988 2855 patet.
1103 2771 1235 2837 Sed
1305 2775 1547 2833 θεόθεν
1615 2778 1802 2855 μοῖρα
1870 2773 2044 2856 apud
2122 2772 2539 2856 Aeschylum
2624 2782 2799 2836 certe

550 2905 682 2948 non
756 2886 1076 2968 significat
1143 2886 1402 2968 Μοίρας
1467 2892 1712 2968 μοῖραν,
1786 2907 2021 2970 neque,
2091 2907 2245 2950 cum
2315 2889 2556 2948 θεόθεν
2621 2887 2796 2950 idem

546 3000 761 3064 valeat
825 3021 903 3068 ac
949 3006 1129 3079 θεοῦ,
1198 3002 1488 3066 deoru
1516 3023 1583 3066 m
1629 3002 2081 3066 voluntatem:
2131 3009 2328 3064 restat
2372 3001 2569 3081 igitur
2615 3000 2797 3063 solus

551 3113 863 3196 Iuppiter.
957 3114 1114 3178 Hoc
1178 3115 1406 3179 saltem
1468 3117 1592 3178 dici
1651 3123 1891 3198 potest,
1938 3115 2003 3177 in
2048 3112 2265 3178 Persis
2309 3112 2463 3176 nihil
2509 3114 2797 3191 inveniri,

546 3228 730 3309 quod
799 3248 919 3291 nos
990 3227 1255 3291 credere
1326 3237 1523 3310 cogat
1593 3230 1859 3309 Μοῖραν
1931 3245 2283 3309 personam
2345 3236 2543 3309 atque
2608 3227 2795 3288 deam

549 3361 716 3418 esse,
786 3360 1000 3424 neque
1069 3342 1460 3424 quicquam,
1545 3341 1720 3404 unde
1788 3339 1957 3404 effici
2025 3340 2234 3422 possit
2298 3344 2526 3420 μοῖραν
2600 3359 2796 3421 supra

549 3453 777 3518 Iovem
845 3475 988 3518 esse
1056 3456 1366 3537 positam.
1454 3454 1670 3517 Immo
1740 3455 2039 3518 videmus
2102 3454 2167 3516 in
2212 3452 2423 3516 Persis
2464 3474 2795 3538 summam

549 3587 768 3632 rerum
814 3569 898 3632 ab
945 3568 1104 3632 Iove
1149 3568 1548 3652 reliquisque
1595 3567 1716 3631 diis
1764 3567 2139 3650 gubernari,
2186 3588 2243 3632 e.
2292 3588 2393 3648 gr.
2440 3590 2503 3632 v.
2546 3583 2704 3650 371:

905 3678 976 3740 οὐ
1022 3681 1142 3764 γὰρ
1190 3682 1265 3742 τὸ
1309 3677 1540 3761 μέλλον
1615 3681 1641 3741 ε’
1667 3703 1702 3740 κ
1772 3685 1873 3742 θε
1905 3681 1954 3740 ὦ
1982 3702 2017 3742 ν
2079 3679 2425 3759 ἠπίστατο,

548 3795 703 3859 item
748 3817 850 3862 vv.
901 3807 1112 3875 530—-
1126 3811 1250 3878 534
1292 3797 1388 3876 (in
1434 3797 1690 3860 cantico
1738 3794 1995 3876 chori):

1085 3900 1134 3970 ὦ
1180 3912 1304 3972 Ζεῦ
1349 3907 1635 3996 βασιλεῦ,
1683 3915 1802 3974 νῦν
1852 3911 2127 3991 Περσῶν

1081 4025 1212 4085 τῶν
1257 4022 1678 4106 μεγαλαύχων
1730 4025 1836 4085 καὶ
1884 4021 2306 4106 πολυάνδρων

1082 4139 1394 4220 στρατιὰν
1440 4135 1664 4210 ὀλέσας

1082 4254 1248 4313 ἄστυ
1296 4253 1370 4313 τὸ
1416 4255 1684 4314 Σούσων
1732 4248 1831 4330 ἠδ’
1875 4249 2299 4337 Ἀγβατάνων

1082 4366 1312 4431 πένθει
1361 4366 1642 4450 δνοφερῷ
1692 4367 2128 4449 κατέκρυψας,

549 4493 615 4547 et
681 4483 947 4567 passim.
993 4519 1077 4531 —-
1138 4483 1212 4544 In
1278 4483 1484 4546 Persis
1549 4491 1770 4546 autem
1841 4483 2032 4546 deam
2104 4484 2367 4563 Μοῖραν
2440 4481 2790 4545 desiderari
