3442 4975
1623 365 1739 431 151

657 540 1011 604 Neminem
1058 549 1278 603 tamen
1325 541 1412 602 ita
1460 539 1733 603 delirare
1780 542 2011 615 senti0,
2060 549 2131 603 ut
2178 540 2534 603 contendat
2578 540 2683 602 hic
2722 542 2805 604 de

567 674 726 716 vero
771 654 1063 736 quodam
1111 654 1238 718 deo
1283 653 1494 718 Marte
1539 674 1682 716 esse
1706 674 2099 730 sermonem,
2127 674 2277 717 nam
2307 663 2379 717 ut
2406 655 2538 716 sere
2563 655 2805 737 ubique

559 767 632 828 in
691 766 1013 851 Aeschyli
1073 767 1452 848 tragoediiS,
1511 767 1607 829 sic
1653 768 1851 830 etiam
1898 766 2031 830 hoc
2076 767 2227 830 loco
2267 766 2461 849 ’Ἁρη;
2508 777 2804 851 metony-

565 881 736 943 mice
781 901 901 963 pro
950 880 1125 944 bello
1172 880 1422 943 dictum
1469 889 1587 946 est.
1681 879 1817 945 Cfr.
1862 881 2099 961 Agam.
2154 880 2537 962 360-3622

1099 991 1424 1072 πέφανται
1473 991 1530 1068 δ’
1577 994 1868 1071 ἐγγόνους

1098 1105 1480 1186 ἀτολμήτων
1521 1106 1685 1191 ’Ἀρη

1099 1225 1428 1286 πνεόντων
1475 1221 1683 1302 μεῖζον
1735 1247 1771 1301 η
1818 1219 2098 1299 δικαίως,

564 1343 630 1398 et
676 1357 735 1398 v.
795 1337 1264 1416 1189—-11902

963 1451 1254 1512 θύουσαν
1301 1444 1460 1509 ἅδον
1505 1445 1720 1530 μητέρ’
1768 1445 2093 1512 ἄσπονδον
2142 1444 2201 1508 τ’
2244 1447 2408 1530 ’Ἀρη

962 1557 1168 1640 φίλοις
1215 1560 1554 1637 πνέουσαν,·

564 1682 630 1737 et
672 1673 846 1755 Sept.
898 1687 1193 1757 52—53:

961 1785 1352 1871 σιδηρόφρων
1399 1793 1519 1871 ,γὰρ
1570 1793 1772 1870 θυμὸς
1818 1787 2079 1873 ἀνδρείᾳ
2124 1787 2371 1870 φλέγων

965 1899 1168 1979 ἔπνει,
1217 1899 1498 1964 λεόντων
1545 1904 1630 1975 ὡς
1672 1903 1837 1985 ’Ἁρη
1884 1901 2292 1986 δεδορκότων.

654 2016 856 2078 Porro
926 2015 1105 2077 Pers,
1181 2030 1306 2096 352
1369 2017 1558 2087 κακὸς
1620 2014 1867 2096 δαίμων
1916 2019 2307 2096 nominatur,
2357 2039 2491 2101 quo
2541 2019 2802 2081 nomine

564 2126 722 2190 nihil
791 2130 912 2191 nisi
983 2129 1142 2192 deus
1193 2107 1447 2212 'aliquis
1517 2131 1849 2194 maleficus
1895 2131 2240 2213 significari
2286 2151 2479 2214 posse
2526 2132 2804 2197 videtur.

563 2240 727 2305 Sunt
795 2252 1015 2306 tamen
1086 2244 1286 2306 verba
1355 2246 1586 2322 nuntii,
1654 2248 1765 2328 qui
1832 2248 2202 2328 suspicatur
2269 2248 2469 2309 deum
2518 2247 2804 2328 aliquem

564 2355 732 2419 hanc
779 2356 1214 2420 calamitatem
1262 2357 1568 2436 effecisse,
1622 2361 1707 2421 ita
1747 2369 1817 2422 ut
1842 2360 2058 2422 dicere
2082 2360 2347 2424 deberet
2374 2360 2578 2432 κακῶς
2604 2365 2804 2424 ποιῶν

562 2466 830 2548 δαίμων,
878 2472 994 2534 sed
1042 2470 1170 2535 hoc
1219 2473 1428 2544 κακῶς
1474 2473 1677 2534 ποιῶν
1728 2473 2008 2537 breviter
2053 2474 2359 2556 exprimit
2394 2473 2596 2538 verbo
2622 2474 2804 2558 quod

561 2593 659 2647 est
728 2588 937 2657 κακός.
1033 2586 1185 2669 Ipsa
1253 2587 1502 2651 Atossa
1570 2588 1696 2650 hoc
1744 2587 1933 2660 κακὸς
1980 2584 2225 2667 δαίμων
2273 2597 2447 2652 recte
2494 2590 2799 2671 interpre-

558 2706 736 2760 tatur
777 2720 839 2763 ν.
887 2716 1040 2780 470,
1089 2700 1464 2764 exclamans
1511 2690 1560 2761 ὦ
1607 2701 1837 2776 στυγνὲι
1887 2697 2134 2779 δαῖμον.
2228 2701 2522 2763 Nimium
2570 2701 2802 2763 saltem

560 2815 735 2890 dicit,
806 2816 917 2898 qui
987 2815 1324 2878 contendit
1391 2813 1690 2878 homines
1739 2816 2013 2897 gentiles
2060 2823 2240 2877 tanta
2285 2816 2522 2896 pietate
2569 2813 2804 2897 deique

560 2929 875 3011 religione
922 2928 1209 2992 imbutos
1258 2936 1401 2992 ‘esse
1448 2951 1662 3011 posse,
1714 2939 1784 2992 ut
1830 2930 1896 2991 in
1944 2929 2174 2991 mediis
2224 2930 2497 2991 miseriis
2565 2930 2804 2992 bone

559 3041 602 3103 d
627 3063 664 3104 e
691 3064 731 3103 u
759 3062 789 3103 s
851 3043 1223 3106 exclament
1248 3044 1260 3105 l

663 3157 952 3242 Iuppiter
1034 3166 1252 3220 tamen
1334 3157 1536 3221 videri
1615 3158 1823 3239 possit
1892 3176 2021 3218 non
2102 3176 2359 3237 semper
2427 3154 2801 3217 hominibus

557 3272 877 3352 propitius
947 3272 1167 3348 fuisse,
1240 3292 1391 3333 nam
1437 3271 1558 3335 fuit
1622 3280 1910 3352 tempuS,
1981 3288 2132 3331 cum
2180 3276 2393 3331 totum
2439 3267 2801 3330 humanum

559 3405 768 3468 genus
841 3385 1058 3447 delere
1145 3385 1360 3461 vellet,
1431 3385 1610 3467 quod
1695 3384 1875 3446 solus
1946 3382 2377 3446 Prometheus
2445 3381 2802 3465 prohibuit.

561 3476 716 3561 Hoc
783 3497 1015 3561 saltem
1087 3498 1514 3563 Prometheus
1584 3496 1768 3564 dicit!
1828 3497 1883 3579 1)
1975 3496 2106 3560 Sed
2168 3497 2227 3559 ΙΟ
2280 3496 2572 3578 Iuppiter
2620 3504 2799 3573 ,,πᾶν

559 3611 712 3684 ἔπος
775 3607 949 3673 τελεῖ
1002 3612 1242 3697 (From.
1298 3629 1486 3694 1032,
1534 3612 1646 3675 cfr.
1709 3610 1933 3691 Suppl.
1989 3611 2145 3691 578:
2198 3613 2465 3690 πάρεστι
2516 3606 2569 3671 δ’
2618 3608 2800 3690 ἔργον

558 3725 641 3799 ὡς
688 3725 840 3798 ἔπος
885 3736 952 3791 et
997 3726 1236 3807 Agant.
1295 3745 1495 3807 1449:
1548 3726 1611 3787 τί
1649 3729 1768 3806 γὰρ
1808 3726 2056 3811 βροτοῒ,ι
2079 3728 2231 3788 ἄνευ
2272 3727 2423 3795 Διὸς
2448 3720 2801 3808 τελεῖταις),

561 3862 683 3904 nec
748 3841 1180 3905 Prometheus
1241 3843 1414 3907 Iovis
1458 3841 1783 3905 voluntati
1833 3842 2149 3905 obsistere
2193 3848 2471 3923 poterat,
2518 3858 2671 3901 nam
2717 3839 2800 3901 ab

555 3956 715 4037 ipsis
784 3955 958 4017 Iovis
1021 3955 1330 4018 ministris
1391 3954 1797 4039 (Vulcanum
1860 3954 2010 4017 dico
2072 3962 2137 4016 et
2182 3955 2442 4032 Κράτος
2488 3959 2553 4014 et
2599 3949 2801 4033 Βίαν)

555 4068 639 4131 ad
708 4088 938 4151 rupem
1009 4069 1316 4151 affigitur.
1410 4069 1592 4151 Ergo
1662 4070 1836 4131 Zeus
1896 4067 2262 4131 humanum
2326 4085 2537 4148 genus
2584 4064 2800 4128 delere

555 4184 787 4246 noluit.
837 4184 1131 4248 Fecisset
1177 4185 1371 4263 enim,
1421 4187 1470 4246 si
1522 4185 1856 4248 voluisset.
1906 4184 1998 4245 ΙΙΟ
2041 4181 2111 4245 Si
2162 4182 2453 4264 Iuppiter
2498 4180 2798 4243 homines

555 4334 615 4341 —

630 4420 675 4484 1)
710 4417 813 4467 Csr.
849 4436 898 4484 p.
937 4428 998 4482 25
1036 4426 1085 4468 et
1119 4426 1290 4469 annot.
1325 4420 1406 4467 111
1445 4418 1668 4468 eiusdem
1702 4419 1931 4483 paginae.
