3442 4975
1670 404 1745 449 21

595 574 829 639 Oresta
898 585 1040 639 orat
1114 578 1314 657 ,Ζηνὶ
1385 578 1581 656 πατρὶ
1651 574 1783 635 τῶν
1853 571 2255 656 Ὀλυμπίων,
2326 597 2458 639 non
2529 577 2847 659 Apollini,

595 692 706 773 qui
757 685 1028 754 Orestae
1075 691 1340 753 caedem
1389 691 1735 773 imperavit
1782 689 1961 773 (item
2017 688 2283 770 Choeph.
2328 691 2505 772 848).
2558 692 2847 774 Quando

592 807 792 887 igitur
836 804 1090 887 Apollo
1137 813 1234 868 est
1279 801 1560 884 μάντιςὲ)
1607 806 1783 867 Tum
1833 804 2071 881 solum,
2121 825 2273 867 cum
2321 814 2504 888 pater
2531 806 2690 877 Ζεύς
2716 806 2845 870 hoc

592 920 753 983 vult.
813 920 869 1002 1)
963 920 1193 1001 Itaque
1261 920 1399 981 sine
1467 927 1652 1001 patre
1699 938 1832 981 non
1879 928 1976 981 est
2020 922 2273 997 μάντις,
2319 940 2451 982 non
2500 926 2842 1002 προφήτης.

592 1034 934 1097 Praeterea
1003 1033 1154 1095 inde
1221 1032 1498 1097 efficitur
1567 1035 1685 1111 τὴν
1756 1034 2074 1112 μαντικὴν
2140 1033 2474 1115 Apollinis
2523 1056 2655 1098 non
2700 1057 2845 1117 pro-

592 1149 806 1229 priam
854 1168 1018 1222 esse‚
1067 1146 1248 1230 quod
1295 1168 1438 1210 eam
1489 1156 1694 1210 artem
1726 1146 1904 1209 Gaea
1949 1149 2159 1229 prima
2184 1151 2472 1212 exercuit
2496 1150 2704 1233 (Eum.
2756 1152 2844 1234 2),

591 1262 826 1325 deinde
869 1261 1138 1324 Themis
1185 1262 1410 1345 (ibid.)‚
1459 1263 1644 1325 tertia
1693 1260 1956 1324 Phoebe
2004 1260 2089 1345 (v.
2142 1262 2233 1345 7),
2274 1238 2567 1345 'denique
2594 1265 2840 1346 Apollo

592 1376 678 1459 (v.
731 1378 820 1459 8),
869 1375 1182 1457 quodque
1229 1376 1316 1459 (v.
1376 1375 1691 1458 17—18):

948 1473 1172 1557 τέχνης
1219 1472 1284 1535 δέ
1333 1496 1432 1536 νιν
1482 1474 1642 1548 Ζεὺς
1690 1474 1920 1536 ἔνθεον
1974 1476 2195 1549 κτίσας
2241 1475 2439 1557 φρένα

954 1576 1065 1649 ἵζει
1115 1574 1423 1658 τέταρτον
1475 1575 1658 1638 τόνδε·
1705 1582 1943 1657 μάντιν
1991 1580 2055 1642 ἐν
2104 1582 2377 1659 θρόνοις.
2745 1658 2750 1664 ⁵

681 1678 790 1743 Sic
859 1679 1034 1742 Ares
1103 1689 1244 1743 tum
1314 1679 1528 1742 solum
1600 1687 1836 1755 exstat,
1908 1700 2059 1742 cum
2106 1689 2288 1762 pater
2334 1680 2493 1752 Ζεύς
2539 1681 2839 1745 homines

585 1794 668 1855 ad
718 1793 973 1855 bellum
1023 1794 1244 1855 incitat
1291 1793 1558 1875 (Agam.
1605 1792 1919 1876 61—62),
1969 1793 2127 1864 Ζεύς
2173 1795 2418 1859 excitat
2461 1795 2631 1859 bella
2677 1798 2743 1881 (i.
2780 1818 2839 1857 e.

591 1908 644 1968 si
713 1908 972 1988 po'e'tice
1041 1908 1215 1969 idem
1286 1907 1695 1988 exprimitur,
1766 1907 1982 1989 gignit
2048 1907 2284 1970 iterum
2354 1918 2553 1991 atque
2602 1910 2837 1972 iterum

596 2019 924 2105 Martem),
973 2040 1105 2083 non
1153 2020 1315 2083 deus
1355 2018 1568 2100 ’Ἀρη;.
1595 2020 1658 2102 2)
1709 2003 1966 2083 Eodem
2016 2011 2217 2083 modo
2266 2030 2451 2103 pater
2497 2031 2595 2086 est
2620 2022 2837 2105 Δίκης,

589 2156 759 2217 quae
827 2143 970 2198 tum
1039 2135 1254 2197 solum
1323 2136 1525 2211 adest,
1590 2155 1742 2196 cum
1793 2136 1951 2203 Ζεύς
1999 2144 2263 2198 exercet
2307 2136 2618 2199 iustitiam
2665 2138 2836 2217 (vide

589 2248 833 2331 supra).
927 2249 1143 2311 Immo
1213 2269 1704 2330 quamcumque
1774 2249 1909 2310 vim
1954 2257 2069 2311 aut
2113 2258 2507 2330 potestatem
2556 2252 2835 2333 quisque

587 2362 862 2425 deorum
933 2361 1150 2439 habet,
1222 2364 1382 2433 Ζεύς
1451 2361 1620 2424 hanc
1692 2362 1771 2424 iis
1841 2362 2129 2437 incussit,
2200 2371 2314 2425 aut
2372 2365 2613 2444 potiuS,
2679 2348 2833 2445 quia

585 2478 756 2540 acfio
827 2474 1182 2542 incutiendi
1229 2484 1546 2559 perpetua
1579 2484 1708 2553 cst,
1758 2476 1989 2540 incutit
2035 2484 2233 2559 atque
2280 2487 2513 2541 servat.
2566 2477 2630 2561 3)
2723 2478 2832 2543 Sic

579 2587 814 2662 <⁷H2,03
861 2591 1127 2672 quidem
1177 2590 1338 2653 deus
1385 2599 1484 2653 est
1508 2589 1597 2672 4),
1646 2590 1759 2672 qui
1808 2589 2026 2667 efficit,
2078 2599 2149 2654 ut
2194 2591 2459 2655 arbores
2504 2602 2569 2655 et
2593 2592 2833 2656 herbae

585 2713 897 2781 crescant,
954 2704 1015 2787 5)
1062 2705 1177 2766 sed
1223 2704 1398 2766 idem
1446 2703 1747 2766 tribuitur
1791 2703 1932 2766 Iovi
1982 2703 2248 2788 (Agant.
2296 2707 2710 2789 934—935):

853 2818 1012 2879 ὅταν
1063 2815 1124 2879 δὲ
1172 2819 1362 2902 τεύχῃ
1412 2820 1571 2889 Ζεύς
1617 2816 1736 2878 ἀπ’
1782 2818 2058 2897 ὄμφακος
2106 2823 2338 2900 πικρᾶς
2384 2811 2576 2897 οἶνον,

602 3011 604 3015 .
674 2934 846 2996 unde
893 2935 1048 2996 satis
1094 2941 1362 3016 apperat
1408 2933 1519 2992 τόν
1567 2933 1983 3002 dinumerant
2028 2935 2183 2994 θεὸν
2231 2943 2294 2996 et
2319 2935 2493 3011 ὄρνιν
2535 2935 2735 3014 Ζηνός
2759 2923 2829 3018 6)

585 3057 650 3112 et
697 3045 927 3110 κύκλον
972 3044 1208 3108 ςΗλιόυ
1257 3047 1321 3131 7)
1371 3048 1591 3109 omnia
1637 3047 1815 3110 idem
1864 3047 2250 3128 significare.

656 3197 702 3263 1)
737 3198 840 3250 Csr.
875 3196 1099 3257 Dronke,
1134 3215 1183 3262 p.
1219 3213 1284 3260 9:
1318 3198 1474 3256 „Wol
1506 3199 1717 3247 beachte
1754 3212 1871 3245 man
1906 3213 1973 3262 eS,
2008 3196 2236 3261 Apollon
2271 3196 2358 3243 hat
2390 3195 2528 3244 nicht
2548 3194 2631 3243 die
2650 3195 2823 3245 Seber-

577 3291 710 3354 gabe
743 3290 822 3339 ein
860 3289 938 3338 fur
973 3289 1174 3338 allemal
1210 3305 1327 3338 vom
1362 3291 1514 3338 Vater
1547 3289 1801 3349 erhalten;
1830 3288 1973 3352 jeder
1990 3287 2215 3336 einzelne
2231 3286 2421 3351 Spruch
2436 3286 2597 3334 seines
2614 3287 2829 3336 Mundes

577 3383 640 3431 ist
674 3383 788 3432 eine
821 3383 1174 3432 unmittelbare
1211 3379 1556 3444 Offenbarung
1588 3380 1678 3430 des
1697 3381 1822 3430 Zeus
1837 3379 2005 3430 selbst.
2039 3379 2145 3426 Der
2162 3379 2268 3442 Zug
2292 3393 2401 3426 zum
2424 3376 2828 3426 Monotheismus

583 3473 670 3522 hin
707 3475 771 3522 ist
803 3474 960 3538 gewis
994 3473 1427 3523 unverkennbar.''

650 3567 699 3631 2)
740 3565 822 3615 Sic
856 3567 1136 3630 Aeschylus
1169 3582 1316 3631 saepe
1351 3565 1558 3614 nomine
1592 3564 1729 3630 quod
1765 3569 1839 3612 est
1868 3562 2036 3629 ’Ἀρης
2068 3561 2401 3624 metonymice
2440 3561 2607 3624 utitur,
2636 3567 2687 3609 ut
2705 3561 2828 3609 belli

579 3659 834 3707 notionem
903 3659 1164 3723 exprimat,
1233 3657 1322 3707 cfr.
1372 3658 1554 3722 Agant.
1607 3655 1722 3719 361,
1777 3655 1911 3719 Sept.
1964 3665 2043 3718 53,
2098 3654 2279 3718 Suppl.
2331 3653 2460 3718 6503
2512 3653 2629 3703 vide
2679 3653 2829 3702 etiam

577 3749 848 3799 Wellaueri
882 3749 1098 3798 lexicon.
1613 3765 1624 3772 ·

649 3842 698 3906 3)
737 3841 890 3891 Hunc
921 3857 1122 3891 sensum
1156 3841 1345 3890 habent
1376 3857 1457 3890 vv.
1494 3840 1639 3903 232l3
1674 3855 1737 3888 ex
1772 3839 1977 3888 Prom.:

1676 3918 1851 3975 εὐθὺς
1888 3917 2139 3975 δαίμοσιν
2176 3917 2321 3976 νέμει
2358 3916 2491 3982 γέρα

1297 3997 1535 4046 ἄλλοισιν
1573 3996 1715 4046 ἄλλα
1754 3999 1841 4046 καὶ
1878 3997 2263 4062 διεστοιχίζετο
2302 3994 2491 4061 ἀρχήν.

642 4079 695 4144 4)
764 4080 909 4128 I'ers.
943 4090 1064 4141 232:
1118 4077 1251 4131 iim}
1294 4076 1533 4134 “ῘῙλιος,·
1595 4077 1734 4126 Pers.
1774 4086 2065 4139 500—501:
2126 4075 2339 4129 ἀκτῖνες
2379 4074 2513 4121 θεοῦ
2531 4091 2553 4129 ,·
2614 4072 2824 4136 Cleob‘ph.

576 4157 872 4220 981—983:
908 4155 973 4214 ὡς
1007 4156 1105 4221 ἴδῃ
1141 4159 1416 4222 πατήρ,....
1451 4155 1477 4203 ὃ
1514 4155 1677 4202 πάντ’
1717 4155 2031 4202 ἐποπτεύων
2068 4151 2206 4200 τάδε
2236 4149 2455 4208 ‘'ID-cog.

648 4238 696 4304 5)
764 4241 946 4302 Agam.
982 4237 1109 4287 611:
1147 4241 1239 4286 τοῦ
1275 4239 1560 4304 τρέφοντος
1590 4235 1790 4284 ε11).ιῖου
1826 4236 2029 4301 χθονὸς
2066 4234 2235 4290 φύσιν.

647 4319 698 4384 6)
735 4317 910 4383 Suppl.
945 4329 1071 4366 202:

988 4396 1112 4443 ΔΛ.
1151 4398 1237 4444 καὶ
1273 4396 1450 4462 Ζηνὸς
1485 4394 1631 4462 ὄρνιν
1671 4394 1830 4443 τόνδε
1869 4395 1965 4442 νῦν
2002 4391 2324 4457 κικλήσκετε.

650 4476 698 4543 7)
767 4479 941 4526 Prom.
977 4491 1066 4538 913
1106 4476 1242 4528 Pers.
1279 4487 1390 4540 502.
