3442 4975
1571 1148 1881 1214 CAPUT
1924 1148 1973 1213 Ι.

1183 1340 1296 1400 DE
1341 1352 1467 1401 DEI
1514 1338 1939 1401 AESCHYLEI
1984 1351 2365 1400 POTENTIA.

745 1779 965 1861 Quam
1051 1781 1210 1850 Ζεύς
1289 1780 1524 1844 habeat
1605 1789 1996 1862 potestatem
2079 1782 2139 1842 in
2210 1800 2405 1842 omne
2474 1783 2897 1845 animantium

655 1917 886 1978 genuS,
956 1906 1092 1958 tam
1154 1895 1517 1972 hominum,
1566 1917 1765 1979 quam
1813 1895 2168 1959 bestiarum
2215 1902 2281 1956 et
2326 1892 2695 1971 herbarum,
2744 1897 2900 1978 quin

654 2013 847 2074 etiam
916 2013 980 2074 in
1050 2034 1150 2075 res
1221 2015 1353 2076 vita
1419 2023 1735 2090 carenteS,
1786 2022 1857 2076 ut
1906 2031 2036 2074 uno
2084 2011 2363 2093 denique
2410 2010 2615 2074 verbo
2662 2007 2897 2084 dicam,

655 2127 718 2188 in
787 2135 1000 2189 totum
1073 2128 1474 2205 universum,
1543 2129 1670 2191 iam
1741 2149 1851 2210 pp.
1903 2142 2156 2206 24—31
2209 2125 2730 2189 demonstratum
2780 2132 2898 2186 est.

656 2239 826 2302 Cum
894 2251 1114 2303 tamen
1188 2240 1297 2303 hic
1373 2243 1741 2306 accuratius
1812 2243 1892 2305 de
1963 2241 2243 2303 numinis
2312 2239 2512 2302 divini
2581 2246 2902 2321 potestate

651 2354 986 2435 agendum
1078 2355 1181 2430 sit,
1276 2357 1564 2438 primum
1633 2377 1845 2438 pauca
1910 2355 2171 2431 addam,
2258 2373 2392 2436 quo
2463 2352 2699 2415 clarius
2770 2351 2899 2428 fiat,

654 2490 852 2553 quam
916 2469 1044 2533 late
1103 2468 1266 2533 haec
1307 2471 1409 2534 dei
1455 2480 1747 2554 potestas
1794 2477 2191 2534 exerceatur.
2286 2467 2429 2531 Iam
2476 2467 2765 2531 vidimus
2822 2466 2899 2547 1),

654 2604 822 2666 quae
890 2585 991 2645 sit'
1030 2582 1205 2646 Iovis
1268 2586 1346 2647 in
1411 2585 1798 2649 homines
1858 2593 2170 2666 potestas,
2266 2580 2458 2664 Quae
2504 2580 2748 2644 infinita
2794 2581 2918 2643 dei·

652 2704 942 2777 potestas
1007 2697 1068 2757 in
1131 2697 1400 2777 singulis
1462 2698 1813 2779 tragoediis
1859 2697 2193 2779 probatur,
2240 2704 2305 2759 et
2352 2696 2444 2757 sic
2491 2691 2780 2778 quidem,
2830 2702 2902 2756 ut

652 2809 817 2872 deus
864 2827 1092 2872 omnes
1139 2830 1242 2873 res
1289 2810 1626 2888 humanaS,
1681 2832 1834 2873 cum
1882 2809 2295 2892 singulorum
2342 2807 2709 2883 hominum,
2755 2816 2897 2871 tum

651 2921 1050 3005 populorum
1110 2924 1561 2987 administrare
1607 2924 1883 2989 dicatur.
1954 2923 2031 2987 In
2077 2922 2288 2986 Persis
2333 2924 2506 2986 enim
2556 2922 2789 2985 dicitur
2835 2922 2897 2982 in

652 3037 927 3101 deorum
998 3037 1141 3103 fatis
1203 3037 1401 3102 fuisse
1465 3040 1692 3102 Persas
1753 3038 1926 3102 bella
1969 3059 2215 3122 gerere,
2264 3036 2385 3115 vel,
2434 3037 2613 3121 quod
2662 3034 2897 3098 eodem

652 3152 836 3229 redit,
885 3172 999 3215 eos
1043 3152 1394 3217 bellicosos
1443 3174 1519 3218 ac
1566 3154 1767 3217 fortes
1816 3174 1958 3217 esse
2005 3159 2132 3233 (vv,
2182 3151 2500 3236 93—98):

1139 3267 1378 3328 θεόθεν
1425 3265 1547 3347 γὰρ
1593 3265 1763 3326 κατὰ
1808 3267 1971 3345 μοῖρ’

1143 3366 1482 3448 ἐκράτησεν
1533 3366 1606 3427 τὸ
1654 3362 1902 3427 παλαι-

1139 3471 1233 3545 όν,
1284 3466 1604 3551 ἐπέσκηψε
1654 3464 1720 3529 δὲ
1770 3464 2053 3551 Πέρσαις

1140 3565 1452 3650 πολέμους
1500 3566 2008 3650 πυργοδαΐκτους

1139 3669 1379 3733 διέπειν
1431 3672 1868 3755 ἱππιοχάρμας
2006 3752 2011 3756 ἡ

1142 3794 1209 3833 τε
1259 3768 1520 3844 κλόνους
1564 3769 1812 3838 πόλεών
1861 3773 1915 3834 τ’
1965 3772 2368 3844 ἀναστάσεις.

739 3886 1039 3969 Itemque
1107 3886 1281 3949 Iovis
1344 3886 1616 3949 consilio
1661 3887 1982 3961 tribuitur,
2030 3889 2209 3971 quod
2259 3887 2519 3949 Xerxes
2563 3895 2698 3949 tam
2746 3886 2901 3948 infe-

650 4000 855 4063 liciter
898 3998 1144 4064 bellum
1192 4001 1394 4083 gessit
1441 4001 1572 4085 (vv.
1621 4000 2035 4083 730—732):

685 4113 836 4175 AA.
886 4118 1027 4192 φεῦ,
1074 4116 1301 4196 ταχεῖά
1346 4118 1405 4192 γ’
1450 4108 1611 4194 ἦλθε
1663 4116 1952 4196 χρησμῶν
2000 4111 2253 4195 πρᾶξις,
2303 4114 2364 4186 ἐς
2410 4110 2473 4175 δὲ
2522 4109 2703 4175 παῖδ’
2751 4114 2896 4193 ε’μόν

886 4216 1045 4288 Ζεύς
1091 4212 1472 4298 ἀπέσκηψεν
1520 4213 1826 4296 τελευτὴν
1877 4218 2247 4297 θεσφάτων·
2297 4213 2418 4294 ἐγὼ
2467 4211 2534 4276 δέ
2583 4236 2710 4275 που

887 4312 992 4378 διὰ
1035 4321 1278 4398 μακροῦ
1327 4319 1551 4401 χρόνου
1600 4316 1747 4380 τάδ’
1793 4319 2026 4401 ηὔχουν
2072 4314 2546 4396 ἐκτελευτήσειν
2595 4321 2802 4389 θεούς.

720 4515 766 4582 1)
804 4515 926 4579 l'ag.
961 4529 1124 4577 24—2
1134 4530 1176 4581 7.
