3442 4975
1737 392 1779 452 6

643 581 824 662 quod
870 580 1201 661 sequitur:
1257 577 1520 657 „Neque
1567 577 1659 639 ita
1704 576 2049 658 quidquam
2094 578 2171 640 de
2208 580 2385 643 rebus
2408 578 2643 643 divinis
2668 580 2901 643 dicitur

641 692 823 774 apud
883 691 1277 772 Aeschylum,
1345 690 1532 772 quasi
1595 690 1662 753 in
1729 690 2171 755 dubitationem
2229 693 2434 774 possit
2491 693 2724 769 vocari,
2774 694 2888 756 sed

641 808 1023 890 profitentur
1092 807 1157 869 id
1233 815 1303 869 ut
1371 805 1678 867 omnibus
1749 816 1978 869 notum
2028 817 2091 870 et
2137 808 2220 870 de
2269 829 2403 891 quo
2449 830 2681 871 omnes
2730 829 2890 870 con-

645 920 989 985 sentiant.’'
1080 919 1160 982 In
1221 918 1320 981 his
1367 918 1660 1002 legendis
1705 940 1914 1001 paene
1961 922 2170 983 oculis
2218 924 2379 984 meis
2428 922 2672 985 diffisus
2721 944 2889 986 sum.

645 1034 934 1097 Omnino
1005 1034 1161 1096 nihil
1221 1034 1417 1115 igitur
1463 1034 1528 1095 in
1578 1032 1895 1116 Aeschyli
1943 1036 2297 1116 tragoediis
2344 1036 2427 1098 de
2473 1036 2599 1099 deo
2648 1038 2891 1100 inveni-

643 1158 768 1227 tur,
839 1149 995 1230 quin
1065 1146 1318 1209 dicatur
1387 1168 1540 1209 cum
1587 1168 1851 1210 summo
1900 1150 2197 1211 omnium
2244 1150 2612 1213 consensu!
2714 1150 2894 1232 Quid

645 1283 822 1340 ver0,
903 1262 1081 1344 quod
1161 1260 1560 1343 AeschyluS‚
1649 1261 1759 1324 ubi
1849 1262 1929 1325 de
2019 1264 2296 1327 deorum
2367 1265 2609 1327 invidia
2676 1266 2894 1346 agitur

643 1375 913 1461 (Agam.
963 1373 1118 1456 727)
1142 1374 1418 1437 chorum
1442 1378 1801 1454 μονόφρονα
1827 1396 1970 1439 esse
1998 1377 2194 1440 dicit?
2240 1378 2441 1459 Quod
2467 1378 2895 1442 Prometheus

643 1509 797 1551 cum
867 1487 1073 1551 choro
1144 1498 1415 1571 pugnat,
1489 1498 1708 1552 utrum
1783 1490 2071 1573 Iuppiter
2139 1512 2222 1554 an
2270 1494 2506 1556 Fatum
2556 1512 2889 1555 summum

647 1604 728 1666 sit
820 1622 1064 1664 numen
1138 1602 1482 1665 divinum?
1573 1602 1809 1684 LegaS,
1894 1613 2163 1687 quae-50,
2234 1605 2391 1668 illud
2459 1605 2894 1687 fragmentum

645 1715 998 1778 Heliadum
1020 1738 1042 1777 .·
1089 1718 1247 1787 Ζεύς
1297 1716 1470 1776 ἐστιν
1521 1719 1744 1796 αῖθήρ,
1790 1716 1953 1789 Ζεύς
1999 1715 2064 1779 δε
2113 1727 2189 1795 γῆ
2226 1729 2289 1782 et
2315 1741 2485 1801 quae
2510 1731 2897 1802 sequuntur,

647 1840 711 1894 et
760 1831 936 1893 dicas
983 1828 1167 1904 mihi,
1218 1850 1375 1891 num
1424 1850 1656 1893 omnes
1706 1830 1940 1894 Graeci
1991 1832 2054 1894 id
2104 1834 2515 1896 crediderint.
2568 1834 2894 1917 Equidem

647 1945 976 2008 contendo
1042 1942 1458 2027 Aeschylum
1529 1966 1743 2027 neque
1812 1966 2071 2028 semper
2142 1967 2329 2009 suam
2397 1948 2690 2029 proferre
2758 1970 2897 2011 sen—

644 2060 935 2135 tentiam,
1008 2070 1221 2141 neque
1291 2079 1552 2140 semper
1621 2061 2035 2123 sententiam.
2081 2060 2288 2141 vulgi,
2360 2062 2446 2125 ita
2518 2072 2588 2123 ut
2660 2082 2899 2143 magna

647 2175 892 2236 oriatur
983 2171 1354 2250 difficultas,
1443 2193 1733 2254 quonam
1781 2174 2031 2265 ⁴’modo
2103 2174 2401 2256 singulos
2472 2176 2900 2238 diiudicemus

658 2288 858 2351 locos,
951 2287 1137 2350 Idem
1206 2295 1394 2368 putat
1466 2287 1548 2350 R.
1628 2287 1880 2370 Haym,
1952 2290 2067 2370 qui
2139 2290 2204 2351 in
2274 2290 2714 2371 disputatione
2782 2312 2901 2353 sua

651 2402 776 2477 „de
843 2421 1061 2463 rerum
1131 2401 1500 2464 divinarum
1547 2402 1725 2483 apud
1774 2402 2187 2483 Aeschylum
2235 2402 2652 2467 conditione”
2700 2426 2765 2487 p.
2818 2421 2896 2467 22

652 2516 850 2578 dicit:
926 2516 1239 2597 „Ubique
1309 2536 1460 2578 cum
1532 2524 1670 2578 arte
1740 2517 1895 2580 facit
1964 2518 2193 2600 religio
2264 2528 2329 2582 et
2395 2519 2557 2602 quid
2608 2520 2705 2581 ad
2742 2519 2909 2581 lianc

639 2629 877 2711 potius,
947 2629 1108 2711 quid
1167 2629 1262 2691 ad
1322 2629 1502 2692 illam
1543 2646 1548 2651 ·
1558 2631 1897 2711 pertineat,
1969 2632 2156 2694 haud
2198 2633 2405 2710 sacz‘le
2472 2633 2897 2697 diz‘udicarzs.’'

651 2745 755 2807 De
811 2745 1040 2807 eadem
1088 2743 1468 2808 difficultate
1513 2744 1805 2827 loquitur
1853 2745 2153 2809 Giinther
2185 2747 2267 2829 1).
2322 2747 2451 2809 Hic
2497 2749 2598 2811 vir
2644 2749 2897 2823 doctuS‚

651 2858 759 2921 ubi
829 2859 910 2920 de
979 2858 1293 2921 solvenda
1359 2858 1482 2921 hac
1530 2858 1909 2923 difficultate
1956 2860 2111 2942 agit,
2161 2861 2316 2923 dicit
2362 2881 2449 2924 ex
2498 2871 2727 2924 natura
2774 2864 2900 2924 sin·

649 2972 959 3054 gulorum
1005 2971 1302 3034 locorum
1349 2973 1655 3054 pendere,
1703 2994 1903 3055 quem
1951 2974 2036 3037 ad
2085 2976 2359 3038 modum
2408 2976 2491 3038 de
2538 2977 2611 3038 iis
2658 2977 2903 3039 iudice-

649 3107 797 3149 mus
867 3106 1194 3168 saepeque
1262 3087 1654 3150 divinatione
1700 3108 1868 3170 opus
1915 3082 2079 3150 esse.
2131 3089 2632 3172 Nonnunquam
2679 3100 2901 3153 tamen

649 3209 837 3282 putat
901 3202 1030 3264 iam
1097 3210 1337 3282 patere,
1407 3201 1569 3284 quid
1637 3203 1774 3283 ipse
1843 3209 2040 3284 poeta
2086 3205 2379 3282 senserit,
2438 3206 2488 3266 si
2536 3206 2900 3283 videamuS,

650 3335 818 3397 quae
864 3335 1141 3396 persona
1187 3315 1509 3398 loquatur,
1562 3325 1779 3379 utrum
1828 3316 1967 3378 scil.
2016 3319 2096 3380 sit
2142 3317 2405 3396 chorus,
2432 3340 2514 3381 an
2538 3321 2899 3402 primarum

651 3435 764 3489 aut
831 3428 1264 3504 secundarum
1333 3430 1619 3512 partiu'm
1687 3451 1988 3512 persona.
2084 3431 2419 3493 Interdum
2488 3440 2723 3514 poetae
2760 3454 2902 3495 sen-

651 3541 922 3603 tentiam
971 3541 1236 3604 indicari
1285 3544 1396 3619 ait,
1467 3545 1520 3604 si
1569 3563 1706 3606 rem
1754 3544 2043 3626 aliquam
2092 3554 2163 3606 ut
2206 3565 2451 3623 veram,
2498 3557 2613 3610 aut
2661 3555 2732 3610 ut
2780 3547 2900 3608 du-

651 3651 825 3714 biam
919 3637 1033 3716 aut
1125 3663 1196 3717 ut
1286 3653 1666 3718 credibilem
1736 3657 2113 3739 simpliciter
2178 3659 2363 3739 ponit
2431 3669 2546 3722 aut
2614 3658 2900 3740 obliquis

650 3775 905 3831 tantum
971 3767 1187 3831 verbis
1235 3768 1556 3850 significat
1584 3770 1669 3851 2).
1764 3771 1849 3834 Et
1897 3781 2068 3835 recte
2115 3773 2405 3854 quidem.
2501 3773 2678 3836 Nam
2725 3782 2901 3837 certa

726 4017 772 4084 Ι)
806 4019 868 4068 G.
906 4018 1149 4078 Giinther,
1184 4019 1484 4083 Grundztlge
1519 4019 1608 4070 der
1641 4021 1930 4086 tragischen
1968 4022 2153 4088 Kunst,
2189 4023 2398 4088 Leipzig
2440 4023 2485 4075 85
2525 4024 2712 4088 Berlin,
2758 4024 2901 4088 1885.

721 4113 771 4174 2)
822 4111 902 4158 En
957 4111 1067 4174 ipsa
1119 4109 1366 4160 Gfintheri
1419 4112 1571 4160 verba
1621 4110 1690 4176 (p.
1752 4112 1857 4178 17):
1916 4113 1983 4161 Es
2022 4113 2086 4161 ist
2119 4113 2229 4162 dies
2263 4114 2345 4163 die
2379 4115 2549 4166 heikle
2586 4117 2766 4182 Frage,
2799 4133 2903 4166 was

654 4201 747 4250 wir
799 4201 850 4250 in
898 4201 1041 4250 ihren
1098 4201 1422 4266 Dichtungen
1475 4203 1548 4251 als
1604 4203 1689 4252 die
1741 4205 1905 4268 cagrene
1955 4206 2166 4252 Anscclzt
2195 4206 2279 4256 des
2312 4207 2519 4267 Autem,
2548 4225 2655 4256 was
2688 4210 2767 4258 als
2800 4226 2909 4257 nur

655 4295 908 4358 einseitzjge
970 4295 1084 4342 und
1137 4294 1429 4355 subjectieve
1492 4296 1821 4360 Aeusserung
1885 4297 1977 4344 der
2028 4297 2223 4346 Person
2276 4301 2345 4347 im
2400 4299 2577 4348 Stiicke
2623 4301 2903 4350 anzusehen

657 4386 839 4436 haben.
890 4387 990 4436 Die
1042 4386 1423 4452 Entscheiduug
1468 4387 1631 4436 dieser
1691 4388 1853 4452 Frage
1905 4389 2061 4454 hangt
2111 4389 2610 4454 begreiflicherweise
2660 4409 2761 4441 von
2813 4393 2904 4442 der

655 4478 1055 4530 Beschaffenheit
1100 4473 1241 4544 jeder
1293 4478 1550 4530 einzelnen
1605 4479 1759 4528 Stelle
1793 4481 1857 4529 ab
1894 4480 1993 4528 und
2030 4481 2166 4529 kann
2203 4481 2439 4531 mitunter
2475 4499 2569 4531 nur
2603 4483 2901 4548 instinctive,
