3442 4975
1008 1165 1150 1239 DE
1201 1163 1420 1239 DEO
1475 1159 2131 1237 AESCHYLEO.

1431 1412 1725 1421 —————.

1195 1577 1204 1580 ’
1296 1572 1864 1650 PROOEMIUM.

543 1788 734 1851 Multi
808 1789 938 1851 iam
1006 1789 1270 1851 fuerunt
1338 1790 1458 1851 viri
1527 1789 1726 1865 docti,
1786 1789 1895 1869 qui
1943 1788 2291 1850 de'rerum
2338 1786 2703 1849 divinarum

456 1904 522 1965 in
572 1902 896 1985 Aeschyli
943 1902 1297 1983 tragoediis
1346 1902 1733 1964 condicione
1782 1903 2194 1983 scripserunt.
2259 1902 2403 1963 Nec
2451 1902 2712 1977 mirum,

459 2037 614 2079 nam
687 2018 855 2079 inter
941 2032 1169 2078 omnes
1237 2008 1633 2097 antiquitatis
1706 2014 1995 2078 Graecae
2065 2015 2393 2077 studiosos
2462 2019 2713 2076 constat

458 2130 579 2193 has
625 2152 725 2193 res
773 2152 810 2191 a
859 2129 1053 2192 nullis
1102 2129 1233 2191 fere
1283 2128 1684 2191 Graecorum
1727 2127 2217 2211 tam‘praeclare
2240 2136 2543 2190 tractatas
2568 2148 2713 2189 esse

456 2265 659 2327 quam
705 2244 788 2306 ab
835 2242 1177 2326 Aeschylo
1225 2241 1356 2305 fieri
1387 2243 1713 2305 videmus,
1768 2240 1979 2305 Zeller
2004 2262 2059 2304 e.
2086 2262 2183 2322 gr.
2210 2242 2294 2303 de
2318 2248 2398 2302 eo
2422 2241 2589 2302 dixit
2622 2241 2710 2323 1):

460 2356 615 2432 „Bei
681 2354 1097 2438 'Aeschylus'
1137 2354 1365 2419 treffen
1435 2341 1552 2417 wir
1604 2362 1779 2417 'nuri'
1827 2356 2021 2417 einen
2082 2354 2279 2419 Ernst
2326 2355 2439 2416 der
2486 2352 2712 2416 Gesin-

457 2492 660 2554 nung,
747 2470 882 2557 eine
981 2468 1156 2555 Tz’efe
1226 2468 1351 2540 der,
1409 2467 1739 2548 religz'b'sen
1790 2468 2242 2546 'We‘ltansic'ht‚
2315 2469 2458 2532 eine
2530 2469 2712 2532 iiber-

456 2587 848 2669 waltigende
921 2585 1116 2648 Kraft
1179 2586 1313 2648 und
1378 2584 1918 2668 Grossartigkeit,
1966 2586 2087 2648 wie
2135 2586 2230 2648 sie
2258 2585 2715 2647 'des'Mannes

457 2721 588 2763 von
656 2698 1132 2763 altvaterlicher
1201 2697 1705 2781 Gediegenheit,
1776 2700 1891 2762 des
1948 2697 2403 2780 Mitkampfers
2476 2699 2540 2762 in
2588 2698 2714 2760 den

461 2834 734 2894 grossen
786 2811 1393 2876 Perserschlachten
1442 2813 1697 2892 wiirdig
1746 2812 1892 2875 ist.’'
1946 2812 2089 2874 Nec
2140 2813 2352 2874 minus
2402 2811 2713 2874 Liibkero

458 2930 795 3004 assentior,
868 2950 1017 2991 cum
1092 2929 1157 2990 in
1228 2925 1547 3009 Aeschyli
1618 2925 2011 2988 Prometheo
2060 2947 2352 2989 summas
2402 2947 2501 2988 res
2546 2926 2713 2988 diffi-

457 3043 863 3124 cillimasque
933 3043 1349 3124 quaestiones
1417 3041 1695 3123 proponi
1761 3039 1917 3104 dicit
1966 3041 2053 3122 2).
2146 3041 2232 3103 Et
2278 3061 2452 3117 sane,
2501 3041 2553 3102 si
2603 3041 2716 3121 qui

458 3155 634 3237 apud
707 3153 999 3218 Graecos
1069 3155 1349 3232 fuerunt,
1422 3175 1589 3236 quos
1659 3153 1839 3216 Muff
1897 3155 2128 3216 merito
2200 3154 2437 3216 dixerit
2500 3153 2563 3235 3)
2632 3153 2714 3214 ad

461 3267 871 3330 Christianae
919 3267 1063 3329 fidei
1112 3265 1472 3349 propylaea
1519 3269 1885 3348 pervenisse
1909 3267 1998 3348 4),
2050 3268 2215 3329 inter
2261 3266 2381 3329 hos
2416 3267 2713 3348 princeps

463 3378 842 3459 Aeschylus
893 3380 1012 3442 erit
1062 3378 1524 3441 numerandus,
1578 3379 1732 3441 Hoc
1779 3389 2000 3443 autem
2052 3382 2318 3442 minime
2342 3380 2717 3442 admirabile

462 3492 810 3566 videbitur,
857 3493 1017 3554 siin
1066 3502 1351 3555 mentem
1395 3495 1918 3556 revocaverimus
1945 3505 2223 3577 tempuS,
2251 3515 2385 3576 quo
2413 3493 2711 3575 Aeschy-

462 3607 563 3669 lus
637 3607 818 3670 vixit.
893 3607 1064 3668 Nam
1135 3607 1187 3668 si
1257 3607 1366 3670 illa
1433 3617 1733 3690 tempora
1801 3610 2189 3691 excipimuS,
2261 3630 2429 3691 quae
2480 3609 2716 3671 Paulus

460 3720 799 3803 apostolus
837 3707 1019 3784 'dicit
1080 3717 1390 3802 πλήρωμα
1459 3732 1570 3785 τοῦ
1635 3725 1861 3804 χρόνου
1910 3723 2018 3806 (ad
2069 3722 2213 3785 Gal.
2266 3723 2385 3800 IV,
2433 3723 2522 3805 4),
2573 3725 2714 3805 qui·

533 3929 578 3992 1)
611 3929 787 3994 Zeller,
826 3931 925 3980 Die
962 3931 1288 3996 Philosophie
1323 3933 1412 3980 der
1448 3931 1719 3992 Griechen‚
1757 3931 1929 3995 Leipz.
1970 3930 2115 3994 1875,
2149 3932 2221 3992 11,
2254 3947 2303 3996 p.
2340 3942 2366 3996 5
2407 3931 2539 3997 (vide
2558 3933 2707 3981 etiam

460 4035 590 4085 quae
625 4019 934 4086 sequuntur).
2610 4031 2621 4036 '

525 4112 575 4176 2)
611 4112 693 4161 Fr.
746 4113 965 4172 Lixbker,
1001 4113 1244 4177 Vortrage
1282 4114 1402 4161 iiber
1440 4112 1659 4176 Bildung
1693 4112 1795 4160 und
1831 4112 2221 4172 Christenthum,
2261 4113 2527 4176 Hamburg
2569 4114 2713 4176 1863,

460 4218 509 4266 p.
545 4215 670 4266 215:
707 4203 822 4261 „die
860 4204 1096 4252 hochsten
1135 4204 1406 4252 Probleme
1443 4205 1532 4252 des
1567 4203 1947 4252 menschlichen
1985 4204 2242 4263 Denkens‚
2279 4205 2364 4252 die
2401 4205 2609 4252 Rathsel
2633 4206 2723 4253 der

462 4293 724 4352 Vernunft,
741 4294 824 4341 die
844 4294 1064 4342 hcsheren
1085 4294 1522 4359 metaphysischen
1542 4294 1869 4343 Wahrheiten
1891 4295 1957 4342 im
1979 4295 2235 4344 Gewande
2254 4296 2342 4343 der
2358 4295 2720 4344 Dichlkunstss⁹

535 4383 584 4451 3)
621 4386 761 4450 Muff‚
797 4385 930 4434 Zwei
965 4386 1194 4448 Tstanen,
1231 4387 1552 4435 Prometheus
1589 4387 1690 4434 und
1728 4387 1893 4446 Faust‚
1932 4387 2087 4435 Hane
2127 4388 2269 4449 1883,
2304 4403 2353 4451 p.
2392 4400 2436 4448 3.

528 4476 580 4548 4)
633 4478 684 4524 Is
719 4477 803 4540 qui
837 4477 961 4524 haec
995 4479 1149 4526 verba
1181 4478 1401 4546 miratur,
1436 4479 1586 4544 legat,
1623 4495 1751 4542 quae
1785 4480 2109 4544 Augustinus,
2143 4479 2259 4526 licet
2294 4477 2559 4526 salsissima
2596 4480 2722 4540 sint,
