3442 4975
1256 1182 2137 1271 CONTINENTUR.

1544 1454 1841 1461 -——-———

536 1633 541 1638 ’
579 1660 966 1719 PROOEMIUM
983 1706 2241 1721 ................................
2299 1664 2438 1739 Pag.

937 1869 988 1929 C
1014 1888 1050 1927 a
1071 1888 1128 1947 p.
1234 1872 1282 1929 Ι.
1340 1873 1560 1930 Utrum
1644 1870 1977 1948 Aeschylus
2070 1887 2258 1930 unum

1341 1975 1520 2037 deum
1583 1995 1661 2034 an
1723 1977 1921 2053 plures
1975 1976 2121 2037 deos
2161 1995 2260 2037 co-

1333 2080 1513 2141 luisse
1567 2081 1785 2141 rectius
1826 2082 2061 2142 dicatur
2076 2131 2248 2144 .....
2346 2108 2370 2137 ι

934 2188 984 2247 C
1009 2206 1044 2245 a
1066 2207 1123 2263 p.
1187 2189 1268 2246 ΙΙ.
1330 2186 1495 2261 Quid
1516 2185 1589 2246 sit
1612 2199 1792 2267 Μοῖρα
1816 2188 1978 2265 apud
2001 2190 2263 2265 Aeschy-

1074 2372 1084 2381 ·
1335 2293 1461 2351 lum
1504 2291 1807 2369 quaeritur
1833 2341 2245 2355 ...........
2344 2318 2368 2348 »

935 2400 984 2458 C
1011 2418 1122 2476 ap.
1165 2401 1276 2460 III.
1331 2400 1427 2458 De
1488 2400 1778 2476 Erinyum
1839 2398 1901 2458 in
1978 2399 2262 2478 Aeschyli

1337 2503 1554 2565 fabulis
1589 2503 2023 2583 significatione
2039 2554 2252 2568 ......
2348 2531 2372 2562 »

939 2613 990 2671 C
1015 2631 1050 2670 a
1076 2630 1133 2688 p
1179 2615 1285 2672 IV.
1346 2613 1520 2686 Quae
1543 2609 1618 2670 sit
1638 2609 1859 2670 summi
1880 2611 1978 2670 dei
2001 2613 2265 2690 Aeschy-

1337 2714 1414 2775 lei
1457 2726 1676 2775 natura
1719 2714 2025 2792 quaeritur
2039 2763 2252 2778 ......
2349 2741 2373 2771 »

580 2822 775 2878 LIBER
817 2822 898 2879 11.
940 2822 1036 2879 De
1077 2819 1342 2880 numinis
1384 2819 1573 2880 divini
1612 2818 1948 2891 virtutibUS,
2006 2837 2160 2898 quae
2201 2821 2263 2880 in

939 2925 1151 2985 mundi
1191 2923 1624 3003 gubernatione
1665 2927 1902 2984 elucent
1918 2973 2251 2988 ........
2354 2953 2376 2982 »

937 3031 987 3090 C
1013 3049 1127 3106 ap.
1234 3032 1282 3089 Ι.
1339 3032 1435 3089 De
1475 3029 1573 3089 dei
1616 3029 1935 3108 Aeschylei
1973 3030 2262 3108 potentia.
2353 3057 2377 3087 »

940 3136 991 3194 C
1014 3154 1049 3193 a
1073 3152 1132 3210 p.
1202 3136 1281 3195 ΙΙ
1337 3136 1433 3193 De
1474 3132 1571 3193 dei
1595 3132 1849 3193 scientia
1872 3145 1930 3193 et
1952 3134 2263 3211 sapientia.
2350 3160 2374 3190 »

938 3239 988 3298 C
1014 3257 1127 3316 ap.
1172 3240 1283 3297 III.
1344 3240 1438 3297 De
1496 3236 1591 3297 dei
1633 3236 1975 3317 sanctitate,
2016 3237 2257 3312 iustitia,

1334 3341 1584 3403 veritate
1601 3369 2374 3405 ..................

940 3450 990 3509 C
1015 3468 1132 3526 ap.
1175 3451 1282 3508 IV.
1340 3450 1434 3508 De
1475 3447 1572 3508 dei
1611 3447 1882 3508 bonitate
1888 3495 2251 3510 ..........
2351 3474 2375 3504 »

582 3554 897 3612 EPILOGUS
913 3601 1289 3616 ..........
1318 3603 1325 3610 .
1355 3603 1890 3616 .............
1920 3604 1931 3634 .
1960 3603 2253 3617 .......
2352 3581 2376 3610 ι

2770 1682 2819 1721 1.

2532 1783 2820 1843 15—-100.

2722 2315 2818 2372 34·

2725 2509 2820 2566 62.

2492 2943 2822 3005 104——152.

2691 3035 2821 3092 106.

2693 3159 2820 3196 112.

2692 3323 2821 3419 1'17.

2693 3454 2846 3523 148.'

2695 3570 2822 3632 153.
