3442 4975
1776 370 1861 457 48

777 562 992 626 Aliter
1061 562 1426 639 Wecklein,
1498 561 1608 643 qui
1669 561 1754 623 ad
1800 581 1861 624 v.
1917 574 2039 640 305
2091 567 2404 623 annotat:
2458 560 2672 635 „Zeus
2717 559 2938 643 bringt
2984 578 2995 601 ¹

686 679 801 740 das
863 678 1073 758 ewige
1121 676 1377 753 Gesetz‚
1440 674 1722 739 welches
1770 674 1877 737 die
1926 674 2155 736 Moren
2205 682 2551 750 vertreten,
2596 694 2711 737 zur
2757 676 2938 738 Aus-

685 789 1039 872 siihrung”.
1088 790 1469 855 Secundum
1516 787 2113 871 Naegelsbachium
2160 787 2357 869 igitur
2404 791 2656 869 Μοῖραι
2692 790 2938 854 faciunt

684 905 951 988 (quippe
1020 925 1188 987 quae
1259 905 1386 966 sint
1445 902 1620 967 Iovis
1679 903 2125 977 instrumenta,
2172 902 2321 964 vide
2368 903 2588 986 supra)
2637 904 2704 966 id
2754 904 2932 987 quod

684 1016 1027 1080 Wecklein
1123 1017 1264 1081 Iovi
1347 1016 1655 1079 attribuit.
1716 1015 1825 1101 ¹In
1883 1014 2047 1099 'hac'
2094 1031 2163 1077 re
2231 1024 2450 1079 tamen
2521 1018 2937 1080 consentiunt

684 1131 869 1214 quod
938 1139 1212 1212 uterque
1279 1149 1511 1191 eorum
1571 1127 1712 1191 Iovi
1774 1146 2101 1190 summam
2165 1136 2559 1209 potestatem
2605 1129 2933 1207 adscribit,

685 1247 944 1325 Μοῖρας
1006 1251 1255 1307 autem·
1290 1243 1346 1305 ei
1411 1243 1722 1325 supponit
1766 1241 1902 1325 (cfr.
1951 1240 2112 1304 haee
2157 1241 2359 1305 verba
2396 1242 2935 1323 Naegelsbachii:

651 1362 654 1365 ’
697 1358 770 1421 W
767 1358 1072 1438 erkzeuge
1139 1357 1248 1419 des
1307 1356 1472 1420 Zeus
1517 1377 1671 1419 cum
1715 1357 1810 1433 iis,
1882 1376 2051 1438 quae
2097 1357 2429 1421 annotavit
2476 1356 2821 1421 Wecklein
2868 1381 2933 1441 p.

695 1474 811 1554 183
861 1473 943 1535 ad
991 1493 1053 1535 v.
1106 1485 1272 1552 305:
1317 1469 1518 1541 durch
1561 1469 1662 1533 die
1706 1470 1999 1549 ngung
2037 1491 2159 1533 von
2206 1469 2415 1552 Zeus).

778 1587 930 1651 Sive
999 1585 1198 1668 igitur
1259 1602 1412 1647 cum
1463 1582 1987 1665 Naegelsbachio
2035 1583 2311 1646 chorum
2358 1583 2618 1666 Μοίρας
2662 1585 2935 1648 facimus

685 1721 872 1765 orare
943 1708 1015 1763 ut
1071 1697 1230 1761 Iove
1276 1705 1542 1760 auctore
1591 1716 1729 1760 rem
1774 1695 2127 1778 perficiant,
2176 1698 2311 1759 sive
2359 1718 2511 1760 cum
2560 1697 2934 1776 WecklinO,

686 1824 758 1878 ut
825 1815 908 1878 ab
972 1814 1134 1877 Iove
1181 1833 1281 1877 res
1326 1811 1717 1895 perficiatur,
1767 1820 2047 1894 utroque
2094 1812 2294 1873 modo
2341 1832 2380 1874 a
2428 1813 2643 1875 Parcis
2689 1812 2935 1895 aliquid

683 1930 944 2012 petitur,
1003 1926 1184 2012 quod
1231 1928 1296 1991 in
1342 1926 1519 1990 Iovis
1565 1933 1890 2008 potestate
1936 1926 2224 2007 positum
2271 1934 2388 2000 est,
2436 1925 2500 1989 id
2549 1927 2730 2009 quod
2776 1947 2928 2008 pro-

683 2045 838 2108 bare
885 2044 1066 2107 nullo
1113 2044 1315 2106 modo
1360 2062 1652 2124 possum.

773 2160 906 2221 Res
975 2166 1195 2222 tamen
1262 2156 1454 2239 plane
1499 2155 1624 2219 alia
1670 2155 1758 2234 fit,
1806 2155 1861 2218 si
1913 2156 2154 2215 Διόθεν
2207 2174 2359 2216 cuin
2406 2172 2569 2215 voce
2617 2174 2787 2235 quae
2833 2162 2933 2217 est

683 2275 931 2352 DIoTQm
978 2271 1458 2351 coniungimuS,
1509 2277 1837 2333 commate
1880 2278 2031 2353 post
2056 2268 2298 2328 Διόθεν
2338 2268 2579 2350 posito.
2628 2267 2931 2330 Dubitari

684 2386 949 2469 quidem
995 2384 1222 2467 possit,
1272 2404 1431 2446 num
1478 2386 1731 2463 Μοῖραι
1781 2382 1910 2465 (vel
1954 2383 2176 2464 potius
2221 2382 2455 2464 μοῖραι)
2508 2382 2752 2444 Διόθεν
2804 2384 2929 2445 dici

681 2501 888 2564 liceat.
981 2498 1308 2582 Equidem
1375 2497 1696 2561 affirmare
1767 2516 1899 2559 non
1946 2496 2199 2573 dubito,
2247 2517 2398 2559 nam
2444 2503 2641 2579 poeta
2688 2498 2952 2561 iterum¹

682 2636 758 2677 ac
825 2614 1079 2694 saepius
1123 2612 1306 2696 (noto
1354 2610 1759 2674 Graecorum
1809 2610 1958 2692 usu)
2006 2619 2069 2674 et
2117 2610 2361 2670 Διόθεν
2410 2619 2476 2673 et
2520 2610 2679 2674 alias
2729 2631 2929 2676 voces

683 2729 748 2791 in
795 2732 955 2787 -θεν
1002 2726 1360 2790 desinentis
1406 2745 1558 2788 eum
1608 2724 1981 2787 nominibus
2030 2724 2121 2807 (et
2166 2725 2497 2788 adiectivis
2543 2733 2610 2789 et
2632 2726 2931 2789 substan·

681 2842 850 2925 tivis)
918 2842 1278 2923 coniungit,
1350 2841 1436 2903 ita
1508 2848 1750 2918 tamen,
1822 2847 1894 2903 ut
1950 2838 2228 2902 verbum
2290 2838 2558 2921 aliquod
2605 2839 2804 2902 simul
2851 2841 2933 2902 sit

682 2957 1102 3022 audiendum.
1169 2955 1280 3020 Sic
1328 2956 1571 3016 Διόθεν
1618 2955 1703 3018 ad
1750 2954 2253 3032 substantivum,
2302 2955 2485 3037 quod
2533 2963 2636 3018 est
2682 2956 2930 3035 κράτος,

682 3072 947 3136 additur
995 3070 1217 3154 Suppl.
1262 3087 1426 3150 420:

1170 3180 1324 3245 τάδε
1371 3186 1608 3266 φράσαι
1658 3180 1877 3244 δίκαια
1927 3185 2169 3244 Διόθεν
2218 3184 2439 3264 κράτη.

772 3299 944 3365 Cum
988 3300 1324 3364 adiectivis
1370 3297 2082 3380 coniungiturAgam.
2128 3313 2440 3378 42-441

680 3466 850 3514 locum
901 3461 1248 3528 interpretatur
1298 3460 1485 3527 (Ueber
1538 3458 1623 3508 die
1671 3459 1795 3508 Idee
1828 3459 1918 3508 des
1954 3459 2241 3509 Schicksals
2276 3459 2331 3508 in
2360 3459 2457 3508 <len
2478 3435 2811 3521 ''Tragoedien
2841 3453 2931 3504 des

681 3556 974 3620 AeschyIOS,
1022 3572 1071 3620 p.
1125 3554 1236 3620 57):
1291 3553 1422 3618 „Die
1477 3551 1678 3601 Moiren
1729 3552 1833 3601 und
1883 3553 2013 3600 Zeus
2063 3553 2178 3602 sind
2228 3552 2303 3602 als
2334 3551 2416 3600 die
2450 3549 2693 3603 hochsten
2727 3547 2932 3597 Machte

681 3647 986 3712 dargcstellt.
1051 3648 1168 3696 Von
1216 3647 1367 3694 ihnen
1411 3651 1654 3694 erwarten
1715 3645 2096 3708 Agamemnons
2149 3643 2347 3693 Kinder
2399 3641 2639 3692 Beistand
2686 3639 2739 3716 in
2772 3639 2931 3688 ihrem

683 3737 1056 3787 Unternehmen
1099 3753 1262 3806 gegen
1297 3736 1432 3785 seine
1469 3737 1510 3783 F
1512 3735 1677 3785 einde.
1712 3735 1829 3783 Von
1863 3735 1980 3784 dem
2017 3736 2155 3785 Chor
2190 3736 2392 3786 werden
2424 3733 2506 3783 die
2541 3733 2742 3782 Moiren
2776 3747 2931 3796 ange-

682 3829 840 3890 rufen,
873 3828 1074 3878 Orestes
1108 3827 1162 3876 in
1195 3829 1358 3877 seiner
1392 3827 1794 3878 Gottbefohlnen
1829 3824 2004 3877 Rache
2037 3828 2355 3878 beizustehen
2388 3825 2508 3893 (303
2546 3823 2628 3888 f.):

1279 3918 1515 3968 Erhabne
1550 3919 1753 3968 Moiren
1770 3919 1970 3985 saliret
1998 3935 2046 3968 es
2079 3935 2175 3969 aus

1279 4012 1411 4061 nach
1442 4011 1557 4060 dem
1591 4012 1780 4062 Willen
1812 4013 1901 4062 des
1936 4011 2115 4062 Zeus¹⁰

1277 4103 1368 4154 auf
1392 4104 1510 4154 dem
1543 4103 1700 4154 Psade
1732 4104 1820 4153 des
1853 4104 2057 4154 RechtS.

747 4198 813 4246 Et
846 4198 909 4247 ad
944 4194 1116 4246 Zeus¹⁰
1149 4202 1382 4245 annotat:
1417 4195 1668 4256 „Aoo'stev
1705 4195 1903 4246 scheint
1935 4194 2045 4244 hier
2080 4194 2220 4243 nicht
2252 4208 2314 4242 zu
2346 4193 2629 4243 bedeuten:
2668 4189 2756 4239 auf
2785 4189 2928 4238 Zeus’

680 4291 873 4350 Befehl,
937 4305 1040 4339 was
1073 4289 1190 4337 dem
1224 4290 1406 4338 Wesen
1441 4289 1529 4336 der
1567 4287 1769 4337 Moiren
1804 4287 2203 4352 widersprechen
2242 4285 2431 4345 wurde,
2467 4283 2685 4333 sondern
2722 4297 2841 4330 nur:
2876 4281 2930 4328 in

679 4381 1202 4446 Uebereinstimmung
1251 4381 1343 4430 mit
1396 4381 1587 4430 seinem
1623 4377 1866 4428 Willen”.
1936 4379 2151 4428 Διόθεν
2185 4378 2337 4444 igitur
2372 4377 2509 4426 idem
2543 4374 2724 4437 valeat,
2759 4371 2928 4436 cred0‚

679 4475 814 4540 quod
847 4474 904 4524 in
947 4473 1472 4536 Uebereimtimmung
1504 4471 1600 4522 mit
1632 4467 1777 4520 Zeus’
1822 4468 1892 4518 W
1888 4467 2050 4518 illm!
