3442 4975
1723 390 1813 459 66

643 580 820 647 solos
888 602 1212 651 exercere.
1301 582 1400 650 At
1470 584 1747 665 Erinyes
1814 584 1998 666 prius
2068 593 2257 651 natae
2325 584 2628 651 videntur
2694 606 2891 669 quam

643 698 964 770 homines·
1060 697 1152 761 Hi
1219 716 1420 781 porro
1485 719 1526 761 a
1592 699 1804 781 prima
1870 700 1970 761 sui
2039 699 2304 782 generis
2358 700 2612 781 origine
2684 722 2893 783 usque

643 813 727 876 ad
798 812 1043 875 furtum
1113 810 1504 889 Promethei,
1569 812 1751 895 quod
1818 810 1923 874 hic
1986 812 2149 875 deus
2198 812 2357 877 Iove
2398 813 2531 897 ⁴iam
2580 822 2894 895 regnante

644 926 989 1004 commisit,
1059 926 1326 992 rationis
1373 934 1674 1008 expertes
1723 934 1794 989 ut
1839 926 2029 991 bruta
2074 926 2381 992 animalia
2428 928 2756 1006 vixerunt,
2804 930 2892 992 ita

647 1048 717 1103 ut
778 1060 990 1123 neque
1037 1040 1420 1123 quodquam
1467 1040 1716 1121 facinus
1763 1040 1839 1103 iis
1884 1060 2004 1122 per
2049 1039 2210 1105 illud
2254 1051 2515 1125 tempus
2562 1044 2893 1126 imputari,

643 1175 879 1237 neque,
926 1154 979 1215 si
1026 1154 1457 1236 imputaretur
1507 1153 1915 1237 Erinyesque
1958 1154 2043 1218 ab
2090 1155 2167 1218 iis
2200 1176 2482 1238 poenam
2506 1166 2891 1241 repeterent,

643 1268 841 1351 huius
909 1286 1160 1350 poenae
1229 1266 1529 1333 homines
1600 1288 2003 1351 quemquam
2049 1290 2314 1335 sensum
2360 1270 2601 1335 habere
2646 1272 2895 1354 potuis-

643 1390 805 1444 sent.
895 1381 1124 1463 Itaque
1210 1381 1488 1464 Erinyes
1573 1402 1692 1464 per
1776 1381 2053 1465 longum
2134 1392 2417 1466 tempuS,
2502 1406 2618 1468 per
2690 1384 2895 1449 multa

644 1496 920 1572 fortasse
965 1494 1223 1559 saecula
1268 1495 1466 1571 vitam
1515 1515 1779 1570 summo
1825 1498 1979 1583 otio
2005 1497 2249 1579 degere
2294 1507 2558 1563 coactae
2595 1498 2892 1580 fuerunt!

648 1610 838 1691 Quae
920 1610 1118 1691 igitur
1201 1606 1632 1692 repugnantia
1716 1611 1783 1673 in
1846 1611 2184 1692 Erinyum
2252 1621 2550 1697 aspectu,
2591 1614 2894 1690 cernitur,

644 1726 876 1788 eadem
944 1724 1209 1789 iteratur
1279 1744 1407 1786 una
1474 1745 1560 1787 ex
1614 1732 1800 1807 parte
1844 1745 1924 1789 ea
1970 1726 2238 1803 ratione,
2287 1748 2456 1809 quae
2505 1728 2671 1790 inter
2716 1728 2891 1810 ipsas

645 1848 711 1903 et
778 1839 962 1917 deOS,
1031 1838 1234 1902 altera
1303 1860 1391 1901 ex
1457 1846 1642 1920 parte
1703 1858 1802 1914 ea,
1866 1860 2035 1922 quae
2082 1838 2248 1903 inter
2292 1839 2436 1903 illas
2482 1850 2549 1905 et
2593 1840 2892 1905 homines

645 1956 1010 2022 intercedit.
2033 1944 2039 1951 ’

737 2070 928 2153 Quae
995 2070 1422 2152 repugnantia
1490 2070 1655 2133 redit
1725 2070 1791 2132 in
1838 2070 2073 2147 ver-bis,
2123 2068 2363 2153 quibus
2411 2091 2648 2133 munus
2697 2090 2893 2134 suum

646 2185 1041 2249 describunt.
1133 2183 1308 2246 Nam
1391 2182 1580 2247 Eum.
1669 2184 1798 2246 208
1866 2185 2092 2267 paucis
2162 2185 2280 2248 sed
2348 2185 2607 2249 disertis
2678 2185 2891 2249 verbis

647 2302 871 2364 dicunt
917 2320 987 2361 se
1033 2297 1404 2361 matricidas
1451 2298 1759 2364 domibus
1808 2299 2181 2382 expellere:

1005 2415 1152 2484 τούς
1196 2410 1589 2496 μητραλοίας
1639 2415 1704 2473 ἐκ
1753 2411 1960 2495 δόμων
2014 2411 2379 2496 ἐλαύνομεν.

736 2534 822 2596 Et
869 2553 1024 2596 sane
1069 2541 1167 2594 est
1214 2530 1549 2594 matricida
1597 2527 1888 2593 Orestes,
1976 2531 2040 2592 Ν
2048 2551 2123 2592 ec
2170 2537 2387 2592 tamen
2434 2551 2519 2592 ex
2567 2527 2696 2591 hoc
2744 2527 2890 2590 loco

647 2646 814 2708 effici
859 2654 1085 2728 posset
1133 2643 1413 2724 Erinyes
1460 2662 1590 2704 non
1636 2642 1796 2704 alias
1842 2643 1965 2705 nisi
2014 2643 2383 2706 matricidas
2416 2643 2743 2725 persequi,
2773 2641 2891 2703 nisi

648 2760 774 2823 hoc
804 2767 1055 2841 pateret
1099 2778 1185 2820 ex
1230 2777 1330 2834 eo,
1380 2755 1562 2838 quod
1609 2757 1887 2838 Erinyes
1931 2755 2228 2839 Apollini
2277 2759 2552 2840 roganti,
2580 2756 2892 2840 quidnam

648 2875 732 2937 de
777 2872 1064 2950 muliere,
1118 2891 1288 2955 quae
1335 2870 1644 2935 maritum
1690 2891 1728 2934 e
1774 2871 1994 2934 medio
2041 2871 2391 2947 sustulerit,
2438 2870 2721 2950 facturae
2768 2871 2896 2932 sint

649 2988 862 3074 (Eum.
914 2986 1102 3070 209):

1005 3099 1070 3161 τί
1115 3098 1236 3181 γὰρ
1284 3100 1582 3176 γυναικὸς
1630 3100 1771 3178 ἣτις
1816 3095 2023 3181 ἄνδρα
2073 3097 2335 3184 νοσφίσῃ
2353 3120 2374 3176 ,·

649 3217 1044 3299 respondent
1090 3216 1176 3300 (v.
1226 3214 1423 3301 210):
1756 3213 1761 3218 ’

1004 3327 1114 3390 οὐκ
1161 3329 1243 3390 ἂν
1291 3325 1532 3406 γένοιθ’
1580 3329 1843 3409 ὅμαιμος
1891 3324 2215 3408 αὐθέντης
2260 3329 2467 3407 φόνος,

738 3445 778 3506 i.
847 3467 902 3507 e.
973 3445 1184 3507 virum
1251 3444 1520 3526 eiusque
1589 3463 1869 3507 uxorem
1938 3452 2082 3504 non·
2138 3462 2281 3505 esse
2349 3441 2893 3524 consanguinem,

650 3577 861 3640 neque
929 3559 1127 3640 igitur
1155 3557 1296 3620 ‘sibi
1344 3557 1511 3628 hanc
1557 3557 1828 3620 caedem
1878 3555 2321 3620 ulciscendam
2368 3577 2534 3618 esse.
2623 3555 2699 3618 In
2745 3577 2893 3618 ean-

651 3673 801 3735 dem
849 3672 1234 3734 sententiam
1284 3671 1677 3752 respondent
1723 3669 2017 3748 Orestae,
2062 3678 2417 3753 postquam
2463 3689 2573 3732 eas
2619 3669 2893 3750 rogavit,

650 3806 766 3849 cur
840 3785 1016 3848 illam
1087 3783 1656 3870 (Clytaemestram
1727 3784 1911 3868 scil.),
1994 3785 2212 3867 quoad
2284 3785 2549 3862 viveret,
2627 3804 2759 3846 non
2828 3784 2895 3847 in

650 3899 950 3962 exsilium
996 3896 1367 3980 expulerint
1411 3895 1624 3970 (Eum.
1678 3897 1871 3981 594):
2591 3895 2597 3900 ’

1006 4011 1072 4072 τί
1120 4008 1174 4072 δ’
1224 4012 1336 4072 οὐκ
1388 4010 1633 4094 ἐκείνην
1683 4011 1893 4086 ζῶσαν
1944 4009 2213 4094 ἤλαυνες
2258 4017 2427 4094 φυγῇ
2444 4036 2463 4088 ,-

652 4126 899 4190 Dicunt
943 4126 1115 4189 enim
1162 4131 1247 4204 (v.
1301 4123 1496 4212 595):

1007 4243 1118 4302 οὐκ
1166 4231 1242 4316 ἦν
1291 4240 1553 4320 ὅμαιμος
1599 4241 1807 4319 φωτὸς
1854 4239 1924 4301 ὃν
1976 4237 2391 4316 κατέκτανεν,

738 4357 776 4416 i.
849 4376 902 4421 e.
971 4375 1104 4417 non
1172 4364 1312 4418 erat
1380 4355 1868 4435 consanguinea
1937 4354 2075 4430 viri,
2139 4374 2336 4436 quem
2384 4352 2640 4415 occidit.
2736 4339 2892 4414 Non

652 4471 850 4552 igitur
894 4491 1089 4534 omne
1134 4472 1350 4555 caedis
1393 4490 1606 4553 genus
1654 4469 1980 4552 vindicare
2028 4469 2530 4556 videntumsed,
2553 4465 2897 4558 parricidia

913 4635 940 4672 ιζ
