3442 4975
1755 393 1850 456 '86

685 567 903 645 autem
953 581 1165 644 modos
1211 579 1532 664 Spinozae
1578 581 1739 642 nihil
1766 580 2005 642 habere
2029 563 2335 644 veritatis
2376 582 2433 663 1)
2482 581 2638 663 Quo
2664 583 2939 654 accedit,

685 697 864 778 quod
931 695 1369 777 pantheistae,
1407 695 1569 757 deus
1630 715 1761 757 non
1812 704 1910 757 est
1956 715 2213 758 summa
2262 716 2508 773 earum,
2560 717 2645 758 ex
2695 696 2935 777 quibus

695 811 1076 870 universum
1150 815 1426 880 constat,
1495 808 1777 887 partium
1854 806 2028 889 (θεὸς
2092 828 2223 869 non
2286 817 2383 871 est
2444 808 2528 868 τὰ
2577 810 2821 884 πάντα,
2871 816 2943 869 ut

693 925 758 985 in
808 923 1181 1004 fragmento
1228 921 1377 1006 est),
1428 921 1543 982 sed
1593 919 1666 979 τὸ
1715 927 1867 997 πᾶν,
1919 921 1958 984 i.
2008 941 2065 983 e.
2117 941 2245 983 una
2291 921 2533 984 infinita
2558 922 2941 996 substantia,

691 1057 860 1119 quae
931 1055 1144 1117 neque
1215 1036 1280 1098 in
1347 1043 1565 1116 partes
1637 1034 1850 1097 divisa
1920 1043 2017 1097 est
2080 1056 2293 1117 neque
2341 1036 2538 1099 dividi
2585 1045 2823 1117 potest.
2878 1035 2943 1114 2)

694 1148 959 1214 Omissa
1003 1151 1204 1232 igitur
1248 1169 1430 1225 voce,
1481 1169 1650 1231 quae
1696 1158 1795 1211 est
1840 1145 2204 1230 ὑπέρτερον,
2247 1149 2495 1232 reliqua
2522 1149 2719 1213 verba
2741 1149 2942 1212 deum

693 1286 834 1329 esse
879 1273 1193 1347 negarent
1240 1285 1453 1346 neque
1499 1265 1674 1327 aliud
1725 1263 2163 1346 significarent
2211 1265 2329 1327 nisi
2377 1263 2536 1326 hoc:
2603 1264 2765 1326 deus
2813 1283 2945 1325 non
2985 1287 2989 1291 ·

693 1385 931 1455 exstat,
979 1387 1243 1440 exstant
1288 1386 1543 1440 tantum
1583 1376 1831 1452 aether,
1874 1382 2065 1450 terra,
2091 1379 2367 1453 caelum,
2394 1380 2617 1441 omnia
2644 1377 2946 1460 denique,

696 1514 865 1576 quae
889 1491 1099 1555 oculis
1124 1493 1295 1553 cerni
1319 1500 1615 1573 possunt.
1659 1490 1860 1572 Quod
1889 1511 2019 1554 non
2046 1492 2108 1554 in
2134 1491 2623 1574 pantheismum
2652 1490 2949 1573 quadrat,

699 1605 926 1669 sedin
977 1604 1532 1667 materialismum.

789 1720 930 1783 Iam
1007 1720 1204 1802 igitur
1271 1718 1596 1800 apparuit,
1670 1719 1721 1780 si
1796 1719 1954 1800 quid
2024 1721 2089 1781 in
2160 1719 2271 1782 illo
2340 1721 2713 1802 fragmento
2763 1720 2946 1795 inest,

704 1835 885 1918 quod
955 1833 1038 1897 ad
1106 1833 1594 1916 pantheismum
1663 1833 1993 1913 pertinere
2055 1833 2371 1910 videatur,
2435 1833 2561 1896 hoc
2612 1833 2831 1915 ipsum
2880 1830 2953 1891 τὸ

703 1947 1042 2030 ὑπέρτερον
1090 1968 1255 2010 esse.
1307 1949 1369 2030 3)
1421 1946 1551 2010 Sed
1600 1948 1917 2030 quoniam
1968 1945 2096 2009 hoc
2146 1944 2482 2028 ὑπέρτερον
2531 1949 2726 2010 etiam
2775 1943 2953 2008 aliud

707 2062 863 2145 quid
931 2060 1302 2144 significare
1371 2061 1601 2142 possit,
1686 2059 1987 2142 pluribus
2057 2061 2445 2123 testimoniis
2526 2059 2718 2122 nobis
2786 2078 2955 2140 opus

705 2184 895 2250 esset,
968 2183 1040 2238 ut
1099 2183 1532 2237 statueremus
1592 2155 2005 2257 Aeschylum
2055 2173 2553 2256 quodammodo
2601 2194 2753 2236 cum
2799 2192 2956 2254 pan·

703 2289 978 2366 theistiS,
1050 2308 1219 2370 quos
1287 2296 1546 2364 vocant,
1635 2288 1893 2350 sentire.
2012 2287 2188 2364 Quae
2256 2273 2469 2349 tamen
2538 2286 2717 2349 nulla
2785 2284 2967 2365 apud

708 2401 1086 2482 Aeschylum
1109 2400 1524 2479 inveniuntur,
1550 2401 1686 2464 alia
1709 2411 1945 2477 contra,
1971 2423 2115 2464 cum
2132 2401 2253 2464 hac
2272 2399 2553 2464 doctrina
2562 2399 2963 2481 pugnantia,

707 2516 910 2581 multa
955 2516 1131 2601 (vide
1179 2517 1392 2600 infra).
1456 2516 1636 2598 Quid
1684 2518 1881 2598 igitur
1928 2516 2057 2580 hoc
2102 2516 2543 2600 fragmentum
2591 2516 2711 2578 sibi
2758 2515 2961 2579 velit?

683 2632 854 2695 -Nos
900 2632 1248 2714 opinamur
1293 2630 1722 2714 Aeschylum
1751 2632 2100 2713 praecipue
2147 2631 2248 2694 his
2296 2632 2510 2695 verbis
2560 2651 2752 2693 usum
2794 2650 2961 2706 esse,

712 2745 954 2829 quibus
1025 2744 1540 2828 polytheismum
1611 2744 1957 2809 refelleret.
2004 2744 2073 2826 4)
2165 2743 2235 2808 Si
2284 2746 2458 2808 enim
2505 2744 2611 2808 alii
2659 2744 2964 2809 dicebant

714 2862 852 2939 Γῆν
922 2860 1112 2923 deam
1177 2879 1322 2922 esse
1377 2867 1442 2922 et
1493 2856 1779 2940 Οὐρανὸν
1828 2859 2049 2936 deum,
2097 2859 2475 2941 Aeschylus
2524 2867 2751 2922 contra
2798 2858 2965 2927 dixit

714 2974 854 3051 Γῆν
924 2982 989 3037 et
1063 2970 1346 3059 Οὐρανὸμ
1415 2981 1481 3036 et
1549 2973 1794 3051 omnia,
1866 2994 2035 3056 quae
2105 2983 2438 3037 exstarent
2501 2994 2646 3037 esse
2709 2973 2963 3047 Iovem,

718 3108 930 3171 neque
999 3088 1198 3171 igitur
1263 3087 1465 3150 alium
1531 3088 1733 3153 deum
1779 3097 2035 3170 praeter
2075 3088 2301 3152 Iovem
2348 3108 2494 3151 esse
2540 3087 2965 3150 credendum.

718 3202 935 3265 Possis
1004 3221 1236 3283 urgere
1306 3198 1726 3284 Aeschylum
1796 3201 1879 3264 de
1948 3201 2165 3277 rebuS,
2234 3201 2319 3264 de
2366 3202 2656 3277 materia,
2706 3220 2836 3263 non
2884 3199 2966 3261 de

791 3377 836 3437 1)
885 3377 1010 3425 Sunt
1057 3374 1190 3423 enim
1237 3374 1526 3424 affectiones
1574 3374 1879 3424 substantiae
1914 3373 2105 3440 (Ethic.
2142 3358 2261 3422 Pars
2296 3374 2340 3439 1,
2374 3372 2525 3422 defin.
2560 3373 2646 3438 V).
2682 3372 2783 3423 Csr.
2818 3372 2969 3422 etiam

721 3468 927 3532 Propos.
982 3466 1097 3526 XV,
1149 3466 1341 3515 Schol.:
1413 3466 1572 3526 „Sunt
1622 3466 1706 3530 qui
1762 3466 1928 3515 Deum
1981 3466 2135 3514 instar
2185 3464 2405 3514 hominis
2457 3480 2665 3530 corpore
2710 3471 2759 3514 et
2805 3472 2973 3514 mente

719 3562 1028 3607 constantem
1080 3562 1228 3619 atque
1261 3556 1579 3621 passionibus
1613 3557 1888 3605 obnoxium
1923 3557 2134 3621 fingunt.
2205 3557 2303 3606 Sed
2339 3573 2490 3622 quam
2524 3557 2676 3621 longe
2701 3556 2764 3623 hi
2801 3572 2831 3605 a
2865 3556 2972 3605 veri

678 3639 684 3646 ’
730 3647 821 3697 Dei
872 3644 1161 3710 cognitione
1205 3645 1451 3706 aberrent,
1499 3647 1614 3695 satis
1661 3662 1722 3696 ex
1759 3647 1859 3696 iam
1894 3649 2243 3699 demonstratis
2279 3655 2493 3698 constat.
2541 3647 2641 3697 Sed
2682 3648 2778 3695 hos
2810 3646 2973 3695 mitto·

723 3738 856 3787 Nam
891 3752 1081 3795 omneS,
1116 3736 1203 3802 qui
1236 3742 1464 3789 naturam
1500 3738 1726 3786 divinam
1762 3740 1934 3804 aliquo
1970 3741 2126 3789 modo
2162 3742 2487 3806 contemplati
2522 3747 2651 3799 sunt,
2687 3741 2858 3788 Deum
2880 3755 2976 3787 esse

722 3836 1018 3891 corporeum
1054 3836 1274 3891 negant:
1308 3829 1448 3893 quod
1474 3827 1626 3877 etiam
1662 3830 1847 3893 optime
1871 3832 2099 3895 probant
2130 3848 2193 3879 ex
2228 3849 2295 3890 eo,
2329 3832 2467 3897 quod
2484 3840 2585 3895 per
2619 3840 2802 3895 corpus
2836 3831 2976 3880 intel-

723 3917 935 3982 ligimus
965 3935 1333 3984 quamcumque
1365 3921 1719 3985 quantitatem,
1755 3922 1974 3986 longam,
2011 3924 2169 3970 latam
2204 3931 2253 3970 et
2272 3924 2616 3988 profundam,
2646 3931 2777 3971 certa
2799 3923 2975 3987 aliqua

711 4013 904 4075 figura
941 4009 1287 4070 terminatam,
1319 4027 1418 4075 quo
1452 4011 1594 4061 nihil
1621 4014 1894 4062 absurdius
1926 4013 1985 4061 de
2019 4014 2144 4071 Deo,
2180 4022 2289 4062 ente
2321 4014 2503 4063 scilicet
2521 4014 2737 4061 absolute
2755 4014 2976 4077 infinito,

730 4102 830 4150 dici
860 4100 1072 4165 potest.”

800 4195 850 4261 2)
883 4194 1048 4245 Ethic.
1084 4193 1204 4242 Pars
1238 4194 1282 4252 Ι,
1316 4210 1522 4259 propos.
1557 4195 1694 4244 XIII
1730 4202 1780 4244 et
1815 4195 1957 4259 XIV,
1992 4195 2169 4245 coroll.
2205 4196 2249 4243 1.

802 4284 852 4352 3)
887 4286 1056 4335 Etiam
1091 4285 1132 4334 si
1169 4300 1281 4333 cum
1318 4285 1629 4350 Pythagorae
1665 4286 1864 4351 placitis
1896 4287 1995 4336 hoc
2030 4286 2361 4336 conferamus·

799 4378 854 4445 4)
889 4379 949 4427 In
990 4378 1086 4427 hac
1131 4376 1280 4441 igitur
1327 4394 1378 4426 re
1423 4378 1488 4426 ab
1536 4378 1907 4444 Naegelsbachi
1942 4379 2183 4444 opinione
2224 4378 2361 4444 (vide
2396 4395 2445 4443 p.
2482 4379 2543 4445 85
2582 4386 2751 4429 annot.
2788 4378 2834 4444 Ι)
2867 4396 2980 4430 mea

735 4468 871 4519 haud
907 4469 1168 4534 discrepat.
