3442 4975
1623 405 1718 484 *²9²1

564 588 689 651 hac
751 610 818 651 re
880 597 1150 671 apparet
1211 590 1485 652 deorum
1537 573 1855 672 imagines
1901 573 2259 673 n0n²ipsos
2307 592 2465 654 deos
2512 614 2676 672 esse,
2724 594 2813 656 ita

568 714 636 767 ut
687 703 852 786 Sept.
913 722 1034 785 199
1081 704 1162 766 de
1210 694 1607 786 imaginibus
1657 725 1873 767 sermo
1921 721 2061 767 esse
2111 726 2240 768 non
2287 708 2515 788 possit.
2575 709 2813 791 Neque

541 815 872 881 ·Eteocles
921 819 1216 881 crederet
1263 818 1406 881 illas
1453 819 1772 900 imagines
1822 839 1857 880 e
1904 839 2067 881 saxo
2116 819 2402 902 sculptas
2450 842 2601 885 vere
2648 822 2809 884 deos

564 953 709 994 esse
754 941 868 994 aut
912 952 1030 994 sua
1077 940 1310 1013 sponte
1359 931 1873 995 loco-'decedere
1918 951 2135 1013 posse.
2178 941 2181 948 '
2454 916 2457 920 Δ

654 1044 786 1109 Sed
833 1046 918 1107 ad
966 1044 1160 1107 aliam
1208 1066 1345 1108 rem
1392 1067 1522 1109 non
1570 1047 1753 1128 parvi
1803 1047 2117 1110 momenti
2168 1045 2426 1110 festino,
2480 1047 2600 1110 Est
2641 1048 2815 1114 enim

569 1162 734 1224 inter
779 1159 1100 1244 Aeschyli
1150 1162 1444 1252 dramata
1493 1181 1718 1236 unum,
1767 1162 1997 1224 Persas
2042 1161 2213 1240 dico,
2264 1161 2371 1225 ubi
2415 1183 2517 1225 res
2552 1160 2818 1224 minime

545 1274 774 1358 fictae,
845 1275 961 1337 sed
1032 1276 1238 1357 ipsius
1308 1283 1542 1358 poetae
1610 1285 1823 1338 aetate
1895 1282 2118 1339 revera
2178 1277 2391 1340 factae
2438 1285 2815 1341 tractantur.

569 1387 789 1470 Quam
837 1389 1242 1471 tragoediam
1294 1391 1344 1451 si
1394 1410 1542 1452 cum
1594 1386 1858 1471 reliquis
1906 1388 2228 1470 Aeschyli
2270 1411 2439 1473 quae
2466 1401 2817 1474 supersunt

568 1492 917 1583 tragoediis
964 1523 1446 1586 comparamuS,
1495 1503 1705 1566 elucet
1753 1523 1971 1566 rerum
2021 1503 2389 1567 divinarum
2429 1507 2493 1567 in
2519 1525 2596 1568 ea
2621 1505 2819 1588 longe

570 1616 764 1679 aliam
835 1617 1287 1680 condicionem
1349 1638 1492 1679 esse
1555 1626 1753 1701 atquc
1800 1618 1861 1679 in
1910 1619 2158 1681 ceteris,
2253 1619 2427 1680 Nam
2475 1618 2599 1682 hae
2647 1620 2812 1682 anti·

549 1749 848 1812 ¹quarum
918 1719 1283 1793 fabularum
1371 1730 1602 1812 plenae
1673 1739 1849 1808 sunt,
1923 1733 1986 1793 in
2058 1731 2165 1795 illa
2230 1753 2389 1797 vero
2459 1733 2621 1796 nihil
2690 1733 2820 1796 tale

575 1843 921 1920 invenitur,
992 1844 1056 1905 in
1129 1843 1392 1924 reliquis
1463 1844 1723 1926 saepius
1794 1845 1955 1907 deos
2016 1854 2131 1908 aut
2176 1847 2453 1909 deorum
2501 1847 2820 1927 imagines

574 1956 638 2019 in
711 1977 947 2019 scaena
1013 1958 1331 2032 videmuS,
1399 1959 1462 2020 in
1511 1957 1634 2020 hac
1681 1968 1902 2022 autem
1953 1981 2079 2023 una
2126 1981 2207 2023 ne
2256 1949 2499 2024 mentio
2548 1960 2816 2043 quidem

573 2070 640 2132 fit
711 2070 906 2133 ullius
999 2072 1250 2135 formae
1343 2082 1457 2136 aut
1542 2074 1842 2155 imaginis
1911 2076 2188 2139 divinae.
2287 2076 2483 2142 Unde
2551 2061 2823 2158 apparet

572 2185 984 2268 Aeschylum
1033 2185 1232 2268 longe
1278 2187 1462 2250 aliter
1509 2187 1707 2272 loqui,
1760 2189 1866 2252 ubi
1914 2192 2181 2273 antiqua
2226 2200 2525 2274 tempora
2568 2212 2823 2274 reprae-

575 2308 788 2362 sentat
833 2320 909 2362 ac
957 2321 1106 2362 cum
1158 2300 1238 2362 de
1287 2302 1480 2364 rebus
1528 2323 1648 2365 sua
1691 2311 1904 2366 aetate
1950 2306 2154 2386 gestis
2202 2307 2357 2387 agit.
2417 2305 2474 2387 1)

665 2412 1134 2476 Commemoro
1203 2434 1401 2497 porro
1472 2417 1683 2478 virum
1746 2415 2201 2480 doctissimum
2252 2419 2325 2480 Β.
2373 2418 2820 2482 Steusloffium

573 2529 741 2591 duos
812 2527 996 2590 locos
1065 2528 1440 2605 adduxisse,
1492 2529 1556 2614 2)
1629 2529 1740 2593 ubi
1788 2532 1844 2593 ei
1894 2533 2051 2605 Ζεύς
2103 2550 2321 2595 merus
2368 2534 2628 2615 spiritus
2668 2554 2815 2597 ‘esse

572 2644 920 2719 videretur,
969 2642 1152 2705 illum
1200 2642 1627 2706 clarissimum
1679 2644 1898 2708 locum
1951 2646 2191 2726 Agam.
2250 2661 2639 2729 149—155:

934 2806 1092 2874 Ζεύς
1141 2804 1311 2875 ὅστις
1359 2803 1504 2866 ποτ’
1554 2806 1743 2883 ἐστίν,
1792 2810 1847 2867 εἰ
1890 2804 2020 2868 τόδ’
2070 2797 2205 2868 αίμ1

933 2924 1022 2996 τῳ
1067 2913 1248 2996 φίλον
1297 2914 1666 2999 κεκλημένῳ,

936 3033 1122 3093 τοῦτό
1171 3056 1266 3095 νιν
1315 3030 1735 3113 προσεννέπω.

935 3147 1218 3230 οὐκὲχω
1267 3159 1677 3231 προσεικάσαι

933 3260 1125 3327 πάντ’
1172 3264 1737 3342 ἐπισταθμώμενος

937 3374 1109 3455 πλὴν
1160 3378 1331 3454 Διός,
1381 3380 1436 3437 εἴ
1483 3380 1553 3439 τὸ
1599 3381 1810 3457 μάταν
1860 3377 1991 3439 (ἐπὸ
2038 3376 2361 3459 φροντίδος
2408 3380 2618 3460 ἄχθος
2700 3411 2708 3420 ·

939 3493 1048 3571 χρὴ
1097 3488 1314 3573 βαλεῖν
1365 3494 1700 3573 ἐτητύμως.

584 3628 649 3681 et
702 3618 918 3699 Suppl.
965 3619 1262 3699 92—96:

938 3743 1084 3827 βίαν
1133 3740 1188 3804 δ’
1237 3742 1434 3807 οὔτιν’
1483 3742 1793 3820 ἐξοπλίζει

943 3859 1060 3921 τὰν
1107 3860 1377 3922 ἄποινον
1425 3855 1765 3939 δαιμονίων

945 3971 1187 4049 ἥμενον>4
1215 3973 1350 4035 ἄνω
1397 3977 1682 4054 φρόνημά
1733 3998 1869 4045 πως

661 4293 682 4329 1
745 4278 843 4327 Cfr.
918 4318 929 4329 .
1004 4278 1102 4328 6—
1175 4316 1186 4329 .
1238 4315 1242 4319 -
2586 4322 2595 4333 .

655 4281 708 4425 ιζ
744 4291 1035 4431 In.li1gen?›o,
1070 4292 1169 4421 031⁷
1185 4372 1382 4422 titulus:
1419 4373 1579 4431 „zeus
1617 4373 1719 4421 und
1757 4372 1840 4422 die
1868 4372 2094 4423 Gottheit
2114 4371 2198 4421 bei
2216 4370 2511 4437 Aeschylus,
2531 4369 2675 4419 Lissa
2700 4368 2844 4432 1867,

587 4478 637 4526 p.
675 4474 741 4523 30
775 4469 825 4511 et
861 4476 944 4526 31,
