3442 4975
1553 1168 1867 1237 CAPUT
1914 1169 1996 1236 ΙΙ.

869 1374 1048 1437 QUID
1094 1374 1204 1425 SIT
1250 1362 1472 1439 Μοῖρα
1519 1374 1713 1424 APUD
1760 1363 2203 1424 AESCHYLUM
2249 1374 2691 1437 QUAERITUR.

745 1766 819 1828 In
890 1767 1101 1848 primo
1161 1768 1369 1848 capite
1431 1764 1522 1851 (p.
1582 1766 1650 1847 4)
1697 1767 1982 1830 diximus
2031 1786 2337 1847 magnam
2386 1767 2897 1829 controversiam

655 1902 815 1957 esse,
863 1889 1082 1943 utrum
1130 1880 1289 1951 Ζεῦ,-
1333 1902 1414 1943 an
1463 1882 1686 1958 IVIOTQa
1735 1880 1858 1958 (vel
1907 1881 2181 1959 Μοῖραι)
2229 1879 2570 1962 Aeschylo
2597 1900 2897 1942 summus

656 1996 817 2057 deus
900 1994 1108 2057 suerit.
1205 1994 1310 2057 De
1391 2015 1520 2077 qua
1601 1994 2043 2057 controversia
2124 1994 2175 2054 si
2246 1992 2403 2055 nihil
2472 1995 2899 2075 comperisses

657 2107 1060 2191 legissesque
1143 2108 1208 2170 id
1291 2109 1776 2184 tantummodO,
1847 2107 2027 2190 quod
2096 2127 2215 2169 nos
2286 2108 2619 2189 superiore
2690 2108 2899 2189 capite

658 2223 739 2284 de
787 2222 948 2285 Iove
995 2222 1391 2304 scripsimuS‚
1441 2232 1517 2286 et
1551 2224 1602 2285 si
1651 2223 2075 2285 contenderet
2121 2221 2352 2303 aliquis
2399 2221 2575 2303 apud
2601 2221 2899 2304 Aeschy-

656 2336 791 2398 lum
863 2337 1177 2417 quiddam
1236 2358 1376 2399 esse
1423 2339 1564 2419 ipso
1615 2338 1774 2400 Iove
1822 2337 2051 2412 maiuS,
2100 2336 2203 2398 cui
2252 2334 2356 2397 hic
2404 2335 2565 2397 deus
2612 2336 2898 2417 optimus

655 2451 985 2513 maximus
1065 2470 1294 2534 parere
1376 2451 1667 2528 deberet,
1740 2451 2232 2534 obstupefactus
2300 2449 2568 2538 fortasse
2636 2458 2898 2513 astares,

653 2566 1006 2646 Postquam
1078 2573 1298 2627 autem
1344 2565 1456 2628 tibi
1505 2587 1689 2628 mens
1737 2564 2025 2641 redisset,
2072 2566 2381 2627 continuo
2429 2541 2609 2626 certe*
2648 2565 2898 2626 diceres

657 2679 879 2742 Iovem
957 2679 1153 2759 igitur
1199 2680 1262 2739 in
1312 2699 1516 2760 regno
1566 2685 1678 2757 157,-
1723 2677 1987 2758 Μοίρας
2031 2699 2193 2753 esse,
2243 2679 2352 2759 qui
2403 2678 2615 2740 Maior
2662 2679 2899 2740 domus

655 2795 717 2854 in
780 2812 985 2873 regno
1048 2791 1657 2874 Franco-gallorum
1720 2793 1843 2854 sub
1893 2792 2159 2854 Francis
2205 2791 2468 2873 regibus
2518 2792 2763 2868 suisset,
2812 2793 2900 2855 ita

657 2913 728 2968 ut
797 2906 1025 2984 Μοῖρα
1093 2913 1265 2966 esset
1321 2925 1484 2967 anus
1553 2904 1895 2982 imbecilla,
1966 2917 2135 2988 quae
2192 2915 2509 2988 perpetuo
2572 2907 2751 2969 domi
2814 2906 2897 2969 ad

656 3019 874 3082 focum
945 3020 1217 3097 sederet,
1282 3018 1442 3090 Ζεύς
1502 3027 1723 3081 autem
1787 3021 2048 3082 nomine
2107 3021 2401 3083 minister
2446 3022 2585 3084 eius
2634 3030 2698 3084 et
2744 3042 2895 3103 pro-

653 3143 932 3210 curator,
1005 3154 1072 3195 re
1131 3143 1349 3196 tamen
1409 3135 1480 3209 is,
1543 3154 1744 3216 penes
1805 3155 2002 3216 quem
2050 3143 2265 3198 totum
2314 3144 2485 3198 esset
2531 3137 2894 3217 imperium.

571 3293 574 3295 Α
654 3248 874 3329 Quam
907 3236 912 3240 ’
942 3249 1433 3311 admirationem
1497 3268 1901 3330 quamquam
1970 3248 2175 3310 fateor
2238 3269 2371 3310 non
2419 3249 2506 3312 ita
2555 3247 2894 3310 ridiculam

653 3384 814 3442 esse,
885 3372 1103 3426 tamen
1171 3362 1333 3425 haec
1402 3382 1503 3425 res
1571 3363 1771 3444 digna
1840 3370 1959 3440 est,
2027 3383 2198 3444 quae
2260 3362 2603 3444 diligenter
2649 3382 2894 3443 cogno·

652 3486 889 3554 scatur,
958 3486 1301 3559 propterea
1368 3476 1547 3558 quod
1618 3476 1771 3537 cum
1842 3475 2062 3539 multis
2134 3477 2272 3538 aliis
2340 3477 2435 3538 vir
2481 3475 2893 3550 clarissimu5‚

653 3590 977 3652 Zellerum
1035 3588 1092 3674 1)
1163 3590 1330 3665 dim,
1404 3590 1466 3651 in
1540 3590 1768 3651 castris
1830 3593 1942 3666 τῆ,ι
1988 3587 2247 3668 Μοίρας
2293 3598 2563 3671 pugnat.
2650 3589 2763 3652 Ab
2812 3609 2891 3650 eo

657 3711 829 3766 stant
895 3723 951 3765 e.
1013 3722 1111 3784 gr.
1189 3701 1439 3783 Haupt,
1521 3702 1851 3775 Bliimner,
1923 3702 2403 3784 Toepelmanm
2475 3704 2537 3765 in
2609 3703 2895 3766 hostium

651 3825 870 3879 autem
931 3817 1155 3878 castris
1218 3816 1514 3878 videmus
1564 3815 1973 3897 Bernhardy,
2023 3816 2108 3881 K.
2157 3814 2240 3878 O.
2292 3816 2673 3892 Miillerum,
2725 3817 2895 3879 Har-

650 3931 976 4013 tungium,
1049 3929 1506 4007 Klausenium‚
1557 3929 1624 4013 2)
1706 3929 1889 3992 alios,
1987 3929 2181 3993 Unde
2251 3929 2415 3993 haec
2483 3930 2647 3992 inter
2718 3931 2891 3992 viros

653 4047 883 4108 doctos
954 4045 1328 4107 discordia?
1398 4044 1488 4109 Ut
1534 4064 1765 4106 omnes
1812 4045 2109 4107 omnium
2155 4053 2529 4127 temporum
2574 4045 2894 4114 homineS,

727 4314 770 4380 1)
804 4314 935 4364 Vide
969 4321 1140 4363 notam
1175 4314 1381 4364 alteram
1415 4331 1465 4380 p.
1499 4328 1549 4374 4.

719 4409 770 4470 2)
820 4406 1045 4468 Quorum
1079 4422 1248 4471 opera,
1282 4407 1333 4454 in
1367 4405 1550 4471 quibus
1583 4406 1648 4454 de
1682 4405 1779 4454 hac
1814 4422 1865 4454 re
1899 4405 2172 4464 disseritur,
2207 4422 2256 4470 p.
2291 4419 2324 4465 4
2359 4405 2504 4454 huius
2538 4405 2651 4453 libri
2686 4404 2889 4453 laudata

652 4513 888 4548 invenies.
