3442 4975
1668 422 1696 489 5

557 594 726 677 tung
762 601 837 674 1),
878 594 1261 658 Schomann
1291 596 1378 676 2),
1428 594 1702 657 Dronke
1737 595 1821 676 3).
1892 594 2056 657 Item
2083 594 2375 657 nonnulli
2403 595 2518 658 viri
2546 594 2723 657 docti
2748 592 2817 675 4)

567 712 915 791 opinantur
993 707 1400 790 Aeschylum
1473 707 1765 770 divinam
1814 708 2121 771 invidiam
2171 716 2475 783 statuere,
2525 709 2590 771 id
2637 713 2817 791 quod

563 823 672 886 alii
727 824 786 904 5)
859 831 1119 904 negant.
1236 822 1423 903 Quae
1503 822 1716 885 variae
1786 822 2139 885 sententiae
2209 842 2517 903 magnam
2554 832 2815 904 'partem

562 937 716 999 inde
743 937 1074 1018 profectae
1098 946 1266 1013 sunt,
1295 935 1474 1019 quod
1499 934 1604 997 alii
1630 934 1951 1017 putabant
1975 956 2205 998 omnes
2230 936 2311 998 de
2334 936 2453 998 diis
2471 939 2816 1001 sententias

558 1053 621 1114 in
648 1051 964 1134 Aeschyli
991 1050 1341 1133 tragoediis
1367 1058 1780 1112 occurrentes
1805 1050 2009 1131 ipsius
2034 1056 2268 1131 poetae
2292 1059 2577 1113 mentem
2594 1052 2811 1133 expri-

566 1185 761 1243 mere,
800 1165 908 1228 alii
948 1166 1307 1248 negabant3
1349 1176 1492 1227 tum
1518 1184 1604 1226 ex
1629 1183 1731 1240 e0,
1777 1165 1955 1246 quod
1981 1164 2275 1227 nonnulli
2302 1165 2425 1227 loci
2454 1165 2810 1249 Aeschylei

558 1281 802 1363 aliquid
872 1280 955 1343 de
1024 1280 1144 1343 diis
1190 1279 1596 1342 continentes
1657 1277 1824 1339 inter
1870 1299 1942 1340 se
1989 1279 2811 1361 repugnare'videbantur,

557 1415 689 1477 quo
751 1395 996 1457 factum
1046 1403 1164 1469 est,
1238 1402 1308 1457 ut
1354 1392 1520 1456 alius
1565 1389 1770 1453 alium
1818 1392 2037 1455 locum
2086 1414 2305 1457 veram
2352 1401 2587 1476 poetae
2634 1410 2815 1461 menss-

558 1519 690 1572 tem
760 1508 1067 1572 exhibere
1111 1518 1387 1589 putaret.
1485 1504 1685 1586 Quod
1732 1506 1816 1567 ad
1864 1510 2144 1590 priorem
2193 1529 2352 1585 rem,
2420 1510 2529 1572 vix
2576 1511 2811 1592 proba-

557 1623 689 1687 bile·
735 1624 1012 1701 videtur,
1078 1623 1258 1705 quod
1308 1623 1607 1690 Klausen
1656 1628 1829 1701 dicit,
1880 1624 1985 1687 ubi
2034 1623 2115 1685 de
2163 1623 2391 1686 eadem
2441 1644 2509 1686 re
2555 1625 2812 1688 disserit

555 1738 812 1822 (Theol.
880 1759 943 1821 p.
1015 1738 1123 1820 7):
1199 1738 1462 1813 „Erunt
1528 1744 1638 1823 qui
1709 1740 2032 1814 dubitent,
2095 1758 2254 1800 num
2305 1740 2573 1802 omnino
2620 1739 2810 1802 liceat

555 1852 715 1916 haec
786 1874 822 1916 e
891 1858 1086 1935 poeta
1131 1854 1390 1935 tragico
1437 1853 1697 1932 elicere,
1748 1856 1989 1938 quippe
2013 1854 2123 1935 qui
2151 1873 2282 1915 non
2316 1854 2454 1934 ipse
2480 1853 2808 1935 loquatur,

559 1968 674 2030 sed
764 1967 1107 2049 loquentes
1193 1967 1446 2031 emittat
1512 1988 1849 2050 personaS.
1944 1967 2039 2029 At
2100 1986 2563 2048 quamcumque
2619 1974 2807 2046 poeta

550 2081 830 2160 tragicus
917 2090 1207 2160 procreat
1281 2091 1641 2162 personam,
1733 2102 1850 2144 sua
1941 2079 2138 2161 ipsius
2226 2080 2418 2161 quasi
2468 2078 2813 2164 perfundit

553 2204 827 2258 natura:
875 2195 940 2257 in
987 2196 1222 2277 quavis
1269 2197 1432 2259 inest
1469 2192 1728 2278 ¹aliquid
1777 2192 2129 2259 veritati5.’'
2224 2194 2355 2275 Qui
2406 2194 2472 2256 id
2519 2193 2804 2257 scribere

553 2311 840 2392 potuerit
908 2310 1005 2372 vir
1074 2318 1212 2371 tam
1283 2309 1518 2373 doctus
1586 2310 1884 2391 tantique
1954 2309 2215 2390 ingenii,
2288 2328 2417 2371 non
2469 2307 2798 2389 intellego,

555 2422 1072 2506 Clytaemestrae
1140 2424 1320 2506 pravi
1391 2444 1605 2488 mores
1676 2424 1959 2500 fuerunt,
2032 2422 2253 2498 cred0,
2300 2419 2797 2505 quodammodo

552 2557 767 2601 mores
837 2533 1045 2620 ipsius
1117 2537 1458 2621 Aeschyli,
1544 2539 1698 2602 item
1771 2539 2002 2602 natura
2079 2535 2407 2619 Aegisthi,
2480 2535 2801 2612 Electrae,

552 2673 748 2735 porro
796 2653 1188 2728 Promethei,
1253 2653 1477 2735 quidni
1525 2654 1722 2716 etiarn
1774 2651 2153 2733 Erinyum?
2201 2651 2457 2714 Deinde
2504 2651 2801 2718 K-lausen

551 2769 643 2830 sic
710 2767 960 2849 pergit:
1041 2767 1314 2848 „Itaque
1383 2767 1435 2828 si
1505 2766 1613 2830 alii
1680 2768 1745 2829 in
1806 2767 1945 2829 aliis
1993 2766 2230 2829 fabulis
2277 2765 2575 2829 homines
2623 2766 2799 2828 idem

551 2881 938 2965 profitentur
1007 2901 1219 2963 neque
1287 2880 1555 2944 similes·
1599 2901 1830 2945 eorum
1877 2890 2030 2944 sunt
2074 2900 2330 2944 mores:
2374 2879 2556 2944 ¹inde
2600 2888 2800 2962 patet,

547 2997 704 3079 quid
804 2997 943 3078 ipse
1027 2996 1299 3058 senserit
1355 2992 1618 3078 poeta.”
1725 2991 2139 3078 Semperne?
2254 2995 2524 3058 Dubito.
2618 2991 2799 3056 Patet

551 3111 840 3194 quidem,
920 3129 1090 3192 quae
1158 3109 1351 3173 fuerit
1420 3109 1644 3191 opinio
1711 3130 1829 3190 per
1888 3118 2096 3172 totam
2145 3107 2486 3171 Graeciam
2533 3106 2796 3190 pervul-

551 3235 721 3309 gata,
815 3225 930 3288 sed
1031 3246 1149 3287 cur
1242 3225 1446 3306 ipsius
1539 3228 1827 3305 poetae?
1912 3224 2066 3286 Non
2137 3222 2369 3284 melius
2440 3241 2512 3283 se
2577 3219 2795 3296 habet,

620 3405 669 3466 1)
733 3399 1029 3464 Aeschylus’
1081 3398 1304 3464 Erinyen
1351 3399 1473 3447 oder
1521 3396 1899 3461 Rachegeister,
1928 3395 2100 3460 Leipz.
2140 3393 2283 3458 1854,
2316 3394 2453 3446 Einl.
2489 3410 2542 3458 p.
2583 3406 2796 3449 11—12.
2861 3397 2866 3401 '

546 3491 668 3540 Non
719 3505 919 3556 possum
972 3505 1075 3538 non
1140 3488 1441 3548 exscribere,
1495 3487 1627 3552 quod
1682 3487 1918 3552 Hartung
1968 3487 2089 3536 dicit
2123 3504 2173 3552 p.
2208 3501 2295 3538 11:
2333 3487 2437 3546 „Es
2472 3487 2583 3548 ist'’‚
2618 3486 2795 3553 inquit,

545 3583 662 3643 „bei
697 3583 796 3631 den
832 3581 1154 3646 Tragoedien
1188 3581 1278 3630 des
1311 3580 1592 3645 Aeschylos
1621 3580 1725 3629 und
1744 3579 2055 3629 namentlich
2074 3580 2203 3630 auch
2226 3579 2310 3629 bei
2328 3580 2489 3629 dieser
2508 3580 2795 3645 Tragoedie

543 3674 643 3723 viel
693 3689 812 3722 vom
861 3673 1037 3721 Fatum
1071 3671 1273 3737 geredet
1309 3671 1531 3720 worden.
1567 3671 1662 3720 Ich
1694 3672 1829 3722 habe
1862 3687 1963 3721 nun
1998 3671 2180 3721 bereits
2213 3671 2313 3721 alle
2349 3672 2668 3737 Tragoedien
2704 3672 2794 3722 des

546 3765 836 3831 EuripideS,
889 3763 1166 3828 Sophocles
1218 3764 1321 3812 und
1373 3762 1654 3826 Aeschylos
1686 3763 1903 3828 geprfist,
1942 3762 2047 3811 und
2082 3763 2169 3812 bin
2206 3763 2323 3812 dem
2360 3763 2519 3828 Ding,
2553 3764 2643 3812 das
2676 3779 2793 3834 man

543 3857 720 3906 Fatum
777 3862 950 3919 nennt,
1003 3854 1136 3904 noch
1188 3855 1426 3919 nirgends
1476 3855 1743 3919 begegnet,
1780 3856 1952 3904 wurde
1987 3871 2040 3904 es
2076 3855 2204 3904 auch
2239 3855 2537 3904 schwerlich
2572 3856 2793 3916 kennen‚

544 3963 691 3998 wenn
730 3947 816 3996 ich
853 3947 991 3996 nicht
1027 3961 1127 3994 von
1161 3947 1395 3995 Neueren
1429 3961 1487 3995 so
1523 3945 1622 3995 viel
1657 3947 1826 3995 davon
1862 3947 1998 3996 hatte
2033 3946 2223 3995 larmen
2256 3946 2439 3996 boren.
2462 3985 2472 3996 .
2496 3947 2559 3996 .'’

609 4041 659 4101 2)
698 4040 804 4088 Des
839 4037 1122 4102 Aeschylos
1156 4037 1444 4103 gefesselter
1483 4038 1821 4099 PrometheuS,
1855 4037 2155 4088 Greifswald
2176 4036 2331 4098 1844;
2352 4037 2485 4086 Einl.
2503 4055 2554 4103 p.
2575 4038 2791 4101 37—38.

609 4130 659 4196 3)
695 4132 818 4196 Pag.
853 4143 1037 4194 9—-11.

607 4224 659 4290 4)
715 4224 854 4272 Inter
905 4237 1032 4288 quos
1084 4223 1262 4283 Zeller,
1311 4222 1443 4272 Phil.
1492 4223 1582 4272 der
1632 4223 1719 4272 Gr.
1773 4223 1848 4282 11,
1904 4221 1962 4282 63
2019 4221 2078 4270 E.
2115 4221 2391 4281 Buchholz,
2427 4222 2525 4269 Die
2561 4220 2790 4270 Sittliche

541 4317 1008 4381 Weltanschauung
1042 4315 1130 4366 des
1165 4315 1411 4364 Pindarus
1447 4314 1550 4363 und
1585 4305 1877 4378 Aeschylus,
1914 4313 2124 4378 Leipzig
2165 4312 2309 4376 1869.
2343 4330 2390 4378 p.
2434 4311 2542 4375 187.

610 4409 660 4476 5)
712 4411 772 4460 L.
827 4409 1058 4459 Schmidt
1108 4424 1152 4458 e.
1205 4425 1281 4473 gr.
1333 4408 1386 4456 in
1443 4406 1543 4456 Die
1595 4406 1752 4455 Ethik
1802 4407 1893 4456 der
1928 4406 2064 4454 alten
2099 4404 2369 4465 Griechen,
2402 4421 2453 4469 p.
2496 4416 2589 4466 139
2624 4409 2673 4451 et
2708 4403 2789 4452 Fr.

543 4503 755 4555 Lubker
792 4503 844 4554 in
882 4501 1184 4570 Propylaeen
1218 4518 1280 4551 zu
1317 4501 1456 4555 einer
1491 4499 1671 4552 Theol.
1705 4499 1795 4552 des
1830 4498 1974 4553 claSS,
2013 4497 2337 4564 Altenhums,
2374 4511 2423 4564 p,
2457 4508 2572 4558 411.
