3442 4975
1726 414 1821 475 '90

640 585 1036 667 deposuisse
1107 585 1454 666 aliamque,
1526 584 1692 647 tauri
1759 583 1917 660 scil„
1983 583 2103 646 sibi
2152 584 2597 664 assumpsisse.
2676 583 2895 664 Suppl.

644 699 1008 778 '288—289
1055 700 1225 760 enim
1276 697 1544 780 legitur:

915 810 1076 872 BA.
1122 813 1224 872 oi·
1231 817 1376 875 κοῦν
1426 809 1681 884 πελάζει
1731 810 1890 883 Ζεύς
1939 808 2040 871 ἐπ’
2090 809 2387 892 ευκραίρῳ
2434 811 2573 894 βοΐς

929 907 1099 986 ΧΟ..
1144 925 1358 1002 φασίν,
1410 923 1734 1006 πρέποντα
1781 927 2073 1009 βουθόρῳ
2122 930 2333 1007 ταύρῳ
2382 921 2589 1004 δέμας.

637 1045 666 1081 ·,
736 1038 877 1100 Iam
948 1039 1119 1101 dicat
1185 1039 1456 1102 fortasse
1526 1023 1764 1120 aliquis
1836 1039 2058 1102 Iovem
2131 1059 2260 1101 non
2332 1059 2562 1100 verum
2634 1047 2897 1101 taurum

645 1153 888 1215 factum
934 1152 1156 1229 fuisse,
1204 1152 1318 1214 sed
1367 1138 1652 1234 speciem
1702 1160 1959 1215 tantum
2007 1153 2173 1215 tauri
2223 1151 2629 1234 praebuisse.
2691 1153 2896 1234 Quod

639 1248 866 1330 'tamen
936 1268 997 1329 in
1071 1251 1292 1329 meum
1364 1274 1576 1329 verto·
1621 1266 2073 1342 commodum,
2135 1286 2287 1329 nam
2335 1269 2387 1330 si
2432 1256 2594 1340 ’Ζεύς
2632 1276 2894 1330 'tantum

645 1382 921 1444 formam
991 1382 1155 1444 tauri
1219 1366 1430 1444 induit
1477 1400 1690 1462 neque
1738 1381 1803 1442 in
1852 1401 2080 1443 verum
2130 1389 2391 1443 taurum
2423 1370 2629 1457 abiit,⁵
2669 1376 2895 1464 quidni

647 1497 804 1558 item
874 1494 1219 1558 credamus
1291 1495 1520 1556 Iovem
1577 1494 1875 1576 aliosque
1923 1494 2086 1560 deos
2135 1495 2259 1559 sub
2306 1496 2596 1559 humana
2640 1505 2894 1560 tantum

647 1589 866 1691 specie
912 1588 1291 1671 hominibus
1338 1609 1714 1690 apparuisse
1763 1628 1978 1690 neque
2012 1629 2243 1671 verum
2266 1630 2508 1692 corpus
2533 1609 2894 1673 humanum

647 1723 1080 1805 assumpsisse
1096 1727 1124 1784 ?

739 1822 955 1898 Addo‘
1014 1835 1252 1898 deinde
1320 1843 1789 1916 argumentum
1852 1839 1997 1895 κατ’
2044 1838 2411 1918 ἄνθρωπον.
2509 1836 2663 1918 Ipse
2722 1836 2894 1898 enim

632 1947 1117 2032 *Naegelsbach
1187 1957 1410 2017 monet
1455 1949 1651 2010 deum
1703 1947 2058 2012 Chironem
2112 1949 2219 2032 (de
2266 1972 2401 2032 quo
2451 1950 2615 2012 infra
2662 1949 2899 2023 inhoc

650 2065 886 2147 capite)
961 2073 1295 2130 mortuum
1366 2083 1530 2126 esse.
1587 2063 1646 2147 1)
1741 2063 1880 2126 Iam
1945 2065 2141 2145 igitur
2201 2065 2321 2128 sibi
2371 2067 2509 2147 ipse
2557 2075 2898 2148 repugnat,

651 2179 773 2240 nisi
811 2177 997 2240 ‘forte
1067 2198 1244 2240 mors
1315 2179 1370 2240 ei
1431 2177 1611 2243 aliud
1660 2177 1820 2261 quid
1871 2177 2191 2260 significet
2238 2199 2439 2261 quam
2486 2179 2783 2261 corporis
2832 2188 2897 2242 et

627 2285 848 2355 animi
921 2292 1266 2373 separatiO.
1361 2290 1492 2354 Sed
1559 2292 1783 2373 plures
1854 2291 1980 2354 loci
2053 2294 2136 2355 ad
2205 2291 2372 2357 hanc
2436 2313 2574 2356 rem
2621 2293 2896 2357 alicuius

630 2444 635 2450 „
653 2406 956 2470 Videntur
1002 2427 1146 2468 esse
1195 2406 1529 2517 momenti.
1582 2404 1751 2487 Sept.
1810 2423 2157 2487 199-200
2203 2407 2361 2469 dicit
2410 2407 2755 2470 Eteocles:

1804 2516 1947 2581 ἀλλ’
1995 2542 2107 2585 ουν
2155 2524 2345 2593 θεοὺς

1004 2637 1154 2706 τοὺς
1201 2638 1312 2712 τῆς
1359 2630 1631 2715 ἁλούσης
1680 2630 1926 2705 πόλεως
1968 2631 2277 2700 ἐκλείπειν
2326 2633 2520 2711 λόγος.

743 2749 875 2811 Hic
921 2749 1002 2811 de
1049 2749 1172 2811 diis
1221 2747 1608 2829 corporibus
1654 2748 1820 2810 vivis
1869 2749 2180 2830 praeditis
2206 2728 2476 2831 cogitari
2504 2770 2635 2812 non
2660 2745 2899 2831 potest,

649 2849 804 2946 quia
872 2862 1034 2926 tales
1097 2862 1182 2924 dii
1227 2863 1292 2924 in
1342 2860 1501 2924 urbe
1549 2882 1879 2943 nusquam
1927 2863 2444 2927 inveniebantur.
2538 2862 2901 2927 Scholiasta

625 2977 916 3060 *quidem
983 2984 1158 3038 recte
1219 2984 1444 3039 monet
1489 2976 1766 3038 deorum
1814 2977 2133 3059 imagines
2178 2976 2263 3040 ab
2312 2968 2639 3058 ipsis'diis
2679 2974 2898 3052 Troia,

647 3113 826 3155 cum·
872 3091 1205 3154 interitura
1273 3099 1441 3153 esset
1509 3089 1672 3156 haec
1746 3091 1920 3169 ιιι-135,
1994 3112 2137 3154 esse
2199 3091 2473 3169 ablatOS,
2526 3092 2587 3174 2)
2652 3092 2767 3155 sed
2814 3112 2901 3155 ex

721 3292 766 3358 1)
799 3292 1001 3341 Nachh.
1053 3292 1234 3341 Theol.
1287 3308 1338 3356 p.
1396 3304 1484 3342 12:
1537 3292 1711 3351 „Aber
1765 3293 1855 3341 das
1908 3292 1970 3341 ist
2015 3292 2327 3354 bedeutsam,
2373 3306 2521 3343 wenn
2566 3292 2655 3341 das
2690 3292 2900 3343 attische

601 3401 603 3403 ·
646 3385 783 3434 Volk
834 3385 905 3433 im
951 3384 1172 3433 Theater
1217 3390 1430 3450 vertrug,
1481 3385 1596 3433 dass
1643 3385 1726 3437 bei
1762 3384 1946 3434 Aesch.
1984 3385 2148 3434 Prom.
2193 3397 2317 3448 1027
2352 3383 2525 3450 (1031)
2559 3385 2660 3433 und
2700 3386 2899 3449 Fragm.

650 3476 830 3525 Herm.
880 3488 978 3537 214
1024 3476 1163 3524 eines
1214 3476 1408 3535 Gottes,
1456 3477 1546 3525 des
1583 3475 1791 3541 Chiron,
1830 3476 2157 3540 Erwahnung
2190 3476 2427 3541 geschah,
2463 3477 2567 3537 der,
2603 3492 2703 3524 von
2738 3476 2901 3525 einem

647 3566 882 3631 Giftpseil
934 3565 1024 3614 des
1077 3566 1326 3615 Heracles
1370 3566 1637 3615 unheilbar
1686 3567 1977 3615 verwundet
2020 3566 2195 3633 (Soph.
2250 3567 2433 3617 Trach.
2484 3577 2578 3631 705
2618 3566 2781 3631 [715]‚
2826 3564 2902 3614 sur

645 3658 976 3706 Prometheus
1029 3656 1125 3706 den
1162 3658 1276 3705 Tod
1316 3657 1538 3707 erleiden
1573 3658 1681 3707 will
1715 3658 1819 3707 und
1854 3658 2087 3707 wirklich
2123 3658 2344 3711 erleidet.
2402 3658 2556 3707 Denn
2590 3674 2738 3708 wenn
2770 3659 2901 3707 auch

641 3749 738 3798 das
775 3749 918 3798 θεῶν
954 3766 1037 3805 τις
1072 3748 1160 3796 des
1194 3747 1491 3811 Aeschylus,
1526 3748 1616 3796 das
1654 3748 1785 3805 ,θεὸς
1821 3746 2035 3815 Χείρων
2070 3749 2159 3798 des
2176 3749 2452 3814 Sophocles
2471 3748 2612 3798 nicht
2632 3748 2900 3813 vollsinnig

648 3856 706 3889 zu
742 3839 959 3889 nehmen
993 3839 1072 3901 ist,
1106 3839 1174 3888 da
1210 3839 1566 3889 Schneidewin
1601 3857 1660 3890 zu
1697 3841 1857 3905 Soph.
1894 3840 1955 3889 O.
1994 3841 2052 3893 C.
2088 3842 2149 3905 65
2188 3841 2285 3889 den
2324 3840 2595 3890 Gebrauch
2632 3856 2733 3889 von
2771 3842 2901 3898 θεὸς

629 3933 725 3992 ,ῑϋιζ
778 3935 911 3999 ἥρως
962 3932 1343 3996 nachgewiesen
1389 3932 1492 3991 hat,
1540 3948 1596 3981 so
1647 3933 1772 3982 wird
1820 3934 1953 3983 doch
1988 3933 2175 3982 Chiron
2211 3950 2309 3981 von
2348 3933 2436 3982 der
2472 3932 2603 3997 Sage
2632 3932 2900 3997 §edensalls

617 4024 972 4075 ‘unsterblich‘
1005 4032 1224 4091 genannt
1276 4024 1538 4089 (Apollod.
1590 4037 1636 4085 2,
1687 4036 1732 4089 5,
1781 4040 1831 4086 4,
1881 4026 1907 4089 5
1954 4036 1999 4089 5,
2051 4036 2097 4089 5,
2154 4036 2230 4087 11,
2279 4027 2304 4089 ,ξ
2358 4023 2437 4089 10)
2483 4024 2587 4073 und
2623 4024 2676 4073 in
2710 4024 2900 4073 seinem

644 4117 1102 4167 stellvertretenden
1137 4117 1282 4167 Tode
1317 4116 1391 4167 als
1433 4117 1518 4166 ein
1553 4117 1933 4167 Unsterblicher
1966 4116 2231 4181 gedacht.”

717 4215 768 4274 2)
801 4208 970 4259 Schol.
1001 4211 1064 4258 ad
1097 4227 1142 4258 v.
1184 4222 1303 4272 199:
1341 4210 1465 4270 υοὐκ
1503 4208 1706 4272 ἀλόγως
1746 4207 1891 4273 λέγει
1931 4210 2053 4267 τοὺς
2088 4212 2187 4272 τῆς
2224 4207 2425 4267 πόλεως
2464 4207 2629 4263 θεοὺς
2664 4207 2901 4271 φεύγειν,

649 4302 1041 4368 πορθηθείσης
1087 4301 1272 4366 αὐτῆς.
1323 4299 1546 4365 λέγεται
1597 4302 1702 4368 γὰρ
1750 4301 1831 4349 ὅτι
1867 4301 1954 4348 ὅτε
1996 4298 2185 4359 ἔμελλε
2222 4301 2597 4366 πορθηθῆναι
2637 4300 2669 4363 ἡ
2714 4298 2901 4364 Τροία,

651 4392 928 4456 ἐφάνησαν
977 4392 1022 4440 οἱ
1075 4393 1196 4441 θεοὶ
1248 4400 1354 4449 τοῖς
1411 4392 1616 4458 Τρωσὶν
1667 4390 1985 4451 ἀνελόμενοι
2040 4392 2094 4438 ἐκ
2142 4394 2245 4441 τῶν
2294 4394 2433 4441 ναῶν
2482 4391 2552 4437 τὰ
2604 4388 2901 4453 ἀγάλματα

651 4484 859 4535 ainohu-
