3442 4975
1768 423 1850 501 84

771 610 982 674 Prom.
1034 609 1330 691 88—95:

1039 713 1088 783 ὦ
1135 720 1264 795 δῖος
1313 727 1511 805 αἰθὴρ
1559 726 1663 784 καὶ
1716 725 2096 806 ταχύπτεροι
2147 725 2359 800 πνοαί,

1044 839 1349 918 ποταμῶν
1398 861 1462 899 τε
1513 839 1732 919 πηγαί,
1783 840 2058 903 ποντίων
2108 862 2172 900 τε
2224 841 2520 918 κυμάτων

1039 952 1390 1035 ἀνήριθμον
1436 950 1740 1033 γέλασμα,
1791 956 2127 1035 παμμῆτόρ
2175 975 2239 1014 τε
2288 958 2386 1031 γῆ,

1041 1070 1144 1127 καὶ
1193 1070 1298 1132 τόν
1348 1071 1692 1150 πανόπτην
1742 1066 1971 1133 κιῖκλον
2020 1065 2198 1148 ἡλίου
2248 1065 2445 1128 καλῶ·

1037 1177 1255 1242 ἴδεσθέ
1297 1179 1362 1261 μ’
1409 1177 1509 1243 οἷα
1558 1185 1714 1264 πρὸς
1760 1187 1926 1247 θεῶν
1977 1185 2206 1264 πάσχω
2254 1185 2420 1254 θεός.

1039 1290 1344 1376 δέρχθηθ’
1392 1296 1554 1366 οἵαις
1611 1296 1911 1360 αἶκίαισιν

1039 1407 1513 1490 διακναιόμενος
1561 1412 1667 1474 τὸν
1714 1415 1975 1492 μυριετῆ

1040 1526 1254 1604 χρόνον
1301 1520 1621 1586 ἀθλεύσω.
1685 1523 1742 1605 1)

782 1635 1051 1717 Chobplz.
1100 1638 1488 1718 703—706:

1041 1739 1090 1811 ὦ
1138 1754 1368 1814 πότνια
1419 1751 1596 1833 χθὼν
1646 1753 1752 1811 καὶ
1802 1749 2016 1814 πότνι’
2062 1749 2225 1828 ἀκτὴ

1040 1866 1350 1946 χώματος,
1398 1866 1434 1942 ’ἡ
1485 1873 1598 1927 νῦν
1647 1864 1755 1924 ἐπὶ
1802 1867 2099 1944 ναυάρχῳ

1040 1981 1282 2058 σώματι
1332 1984 1529 2040 κεῖσαι
1581 1984 1672 2060 τῷ
1717 1975 2040 2062 βασιλείῳ,

1039 2099 1150 2156 νῦν
1199 2093 1574 2171 ἐπάκουσον,
1618 2099 1731 2157 νῦν
1777 2091 2107 2175 ἐπάρηξον.
2164 2093 2226 2174 2)
2652 2169 2655 2172 ἢ

774 2207 1038 2286 Fragm.
1087 2205 1371 2288 denique
1409 2204 1763 2268 Heliadum
1800 2207 1889 2289 (in
1920 2207 2073 2268 edit.
2102 2204 2342 2268 Nauck
2366 2205 2443 2268 sr.
2471 2223 2576 2283 70,
2601 2199 2755 2286 pag.
2784 2205 2925 2285 24)·.

908 2321 1066 2391 Zw'3
1111 2321 1280 2383 ἐστιν
1329 2322 1548 2400 αἷθήρ,
1596 2321 1755 2390 Ζεύς
1802 2315 1868 2379 δὲ
1915 2324 2013 2397 γῆ,
2062 2320 2223 2389 Ζεύς
2270 2315 2327 2378 δ’
2375 2315 2663 2398 οὐρανός,
2972 2309 2975 2312 ’

907 2434 1067 2504 Ζεῦ,-
1114 2456 1209 2494 τοι
1260 2434 1343 2494 τὰ
1393 2437 1614 2497 πάντα
1659 2431 1814 2516 χῶτι
1868 2429 2057 2497 τῶνδ’
2108 2430 2467 2514 ὑπέρτερον.

777 2558 931 2621 Hoc
999 2539 1334 2641 postremo
1407 2559 1555 2622 loco
1626 2562 1827 2639 αῗθὴρ
1890 2569 1955 2621 et
2014 2563 2113 2636 γῆ,
2176 2580 2347 2640 quae
2392 2558 2721 2640 prioribus
2771 2557 2928 2619 locis

686 2673 813 2735 iarn
861 2681 1173 2755 tanquam
1221 2692 1538 2755 personae
1581 2672 2036 2753 implorantur,
2062 2674 2265 2735 immo
2290 2682 2428 2734 tota
2456 2692 2671 2735 rerum
2698 2682 2929 2735 natura

686 2790 846 2858 Ζεύς
911 2787 1298 2870 appellatur.
1398 2788 1701 2869 Rogatur
1784 2786 2002 2869 igitur,
2086 2787 2427 2869 possintne
2496 2770 2660 2849 h'aec
2726 2787 2927 2849 verba

683 2903 1084 2986 pronuntiari
1157 2902 1240 2965 ab
1310 2922 1409 2979 CO,
1471 2904 1577 2964 cui
1644 2902 1805 2964 deus
1862 2911 1963 2965 est
2009 2921 2177 2964 unus
2222 2911 2421 2984 atque
2466 2920 2774 2984 persona,
2816 2909 2932 2963 aut

684 3018 733 3079 si
781 3016 908 3079 hoc
955 3018 1188 3093 minuS,
1239 3036 1276 3077 a
1323 3036 1614 3099 quonam
1663 3016 1838 3079 alio?

776 3130 960 3195 Haec
1039 3130 1239 3193 verba
1321 3152 1437 3213 per
1520 3151 1591 3193 se
1671 3139 1960 3213 spectata
2042 3130 2243 3193 videri
2314 3131 2565 3211 possint
2640 3138 2926 3192 mentem

683 3244 1054 3325 exprimere
1120 3263 1374 3320 eorum,
1444 3245 1555 3326 qui
1587 3220 1592 3227 ’
1629 3242 2035 3305 contendunt
2094 3242 2292 3304 deum
2354 3241 2515 3303 nihil
2562 3242 2739 3304 aliud
2785 3262 2929 3303 esse

684 3357 803 3418 nisi
851 3356 1211 3433 materiam,
1261 3365 1332 3418 ut
1378 3355 1664 3431 aethera,
1712 3364 1977 3433 terram,
2028 3354 2305 3432 caelum,
2353 3356 2577 3418 omnia
2624 3356 2925 3437 denique,

684 3490 854 3552 quae
898 3471 1196 3533 sensibus
1243 3472 1505 3547 exteriS‚
1554 3472 1869 3552 imprimis
1914 3469 2147 3547 oculiS,
2192 3471 2434 3551 percipi
2470 3471 2739 3552 possint.
2792 3468 2923 3549 Qui

685 3586 882 3645 deum
929 3604 1276 3665 personam
1326 3605 1469 3646 esse
1515 3593 1778 3665 negant.
1830 3584 1923 3647 At
1966 3583 2384 3666 Aeschylum
2431 3585 2530 3668 (ut
2578 3585 2926 3667 plerosque

684 3697 1132 3779 Graecorum),
1219 3698 1281 3759 in
1369 3698 1591 3760 omnia
1657 3698 1786 3760 alia
1869 3698 1962 3760 ire
2033 3699 2097 3760 in
2167 3699 2307 3759 eius
2378 3697 2612 3761 sabulis
2685 3698 2929 3780 ubique

681 3813 1017 3895 probatur,
1089 3833 1236 3874 nam
1308 3811 1690 3893 Aeschylus
1761 3811 2036 3874 credidit
2098 3811 2293 3874 deum
2342 3819 2553 3873 totum
2604 3812 2926 3874 mundum

683 3930 1048 4011 gubernare
1081 3927 1445 3990 secundum
1493 3927 1674 4008 leges
1721 3947 2045 3989 summam
2097 3926 2476 4007 potentiam,
2523 3926 2925 4007 sapientiam,

682 4040 1065 4119 bonitatem,
1136 4042 1449 4103 iustitiam
1515 4047 1846 4115 testantes,
1909 4039 1971 4100 id
2036 4038 2217 4120 quod
2276 4040 2337 4100 in
2389 4038 2921 4101 materialismum

681 4144 894 4247 (venia
940 4157 1020 4219 sit
1067 4155 1294 4236 verbo)
1363 4154 1629 4216 minime
1677 4151 1974 4235 quadrat,
2039 4152 2280 4233 quippe
2329 4152 2439 4233 qui
2486 4152 2619 4215 fato
2669 4162 2923 4215 tantum

755 4404 800 4468 1)
835 4404 936 4456 Csr.
972 4404 1145 4451 Prone.
1189 4414 1530 4464 1092—1094.

750 4496 800 4562 2)
835 4497 963 4545 Vide
1004 4495 1212 4559 Choeplz.
1252 4492 1532 4557 527—528.
