3442 4975
1693 399 1816 458 1¹4

748 569 1068 662 Quamvis
1131 570 1333 650 igitur
1395 567 1690 631 celeriter
1751 567 1912 630 haec
1977 569 2329 644 evenerint,
2380 569 2637 632 Dareus
2684 579 2904 632 tamen

657 683 963 746 credebat
1031 683 1227 746 deum
1298 703 1374 746 ea
1441 691 1594 766 post
1652 682 1927 764 longum
1976 668 2242 745 demum
2290 692 2553 765 tempus
2601 683 2907 765 perficere

657 797 972 879 potuisse,
1018 797 1094 859 id.
1132 797 1304 859 enim
1353 795 1676 877 sperabat.
1750 863 1755 866 ,

750 909 950 991 Quod
999 910 1082 972 ad
1129 930 1433 992 praesens
1478 918 1763 990 tempuS,
1811 909 1915 972 dei
1964 911 2301 972 scientiam
2351 909 2664 972 infinitam
2689 911 2904 993 putari

657 1025 806 1088 inde
874 1024 1145 1087 efficitur
1201 1028 1278 1101 1),
1348 1023 1525 1105 quod
1573 1043 1803 1086 omnes
1847 1022 1977 1086 fere
2025 1022 2322 1086 homines
2370 1023 2728 1105 Aeschylei
2780 1025 2904 1086 deo

658 1146 1022 1221 precantur.
1109 1138 1424 1220 quodque
1509 1157 1626 1218 per
1707 1146 1939 1216 artem,
2010 1159 2211 1220 quam
2283 1137 2515 1201 Graeci
2587 1139 2905 1218 μαντικὴν

655 1251 1090 1334 appellabant,
1138 1251 1594 1332 quaerebatur,
1637 1251 1949 1332 quaedei
1978 1261 2147 1315 esset
2170 1252 2494 1315 voluntaS.
2547 1253 2721 1315 Nam
2750 1273 2903 1314 cum

658 1366 856 1428 deum
903 1364 1351 1448 imploramuS,
1398 1364 1727 1427 credimus
1774 1365 1971 1428 deum
2019 1386 2140 1428 nos
2170 1367 2350 1448 ipsos
2375 1387 2570 1429 nosse
2594 1376 2657 1430 et
2681 1366 2904 1429 audire

657 1489 998 1562 precantes
1069 1488 1130 1542 et
1201 1488 1569 1543 nostrarum
1618 1499 1837 1542 rerum
1884 1481 2241 1562 perfectam
2291 1480 2534 1544 habere
2582 1481 2906 1556 notitiam,

659 1594 839 1676 quod
889 1595 1061 1656 idem
1112 1593 1194 1654 de
1240 1602 1377 1656 arte
1421 1593 1819 1656 vaticinandi
1869 1593 1995 1656 dici
2042 1602 2285 1676 potest.
2386 1648 2390 1654 .

746 1709 952 1772 Vides
1022 1709 1220 1788 igitur
1289 1706 1449 1769 illud
1520 1705 1884 1770 humanum
1934 1703 2145 1799 πολλὰ
2194 1704 2430 1768 εἶδέναι
2478 1708 2654 1789 apud
2704 1708 2902 1770 deum

659 1825 722 1884 in
771 1826 996 1882 πάντα
1044 1817 1273 1882 εἶδέναι
1325 1821 1606 1883 extendi.
1656 1819 1881 1901 Quare
1918 1823 2097 1903 quod
2122 1822 2205 1884 ad
2230 1820 2518 1886 divinam
2544 1823 2901 1897 scientiam,

659 1935 820 1998 haec
894 1936 1163 1998 minime
1235 1934 1528 2016 impedit,
1623 1935 1783 2016 quin
1867 1935 2031 1997 deus
2099 1935 2638 2016 perfectissimam
2710 1937 2903 1998 etiam

661 2048 900 2112 habeat
967 2049 1376 2131 sapientiam.
1467 2045 1599 2109 Sed
1674 2048 1758 2110 de
1827 2046 1949 2110 hac
2020 2050 2147 2111 iam
2209 2050 2567 2126 videamuS,
2631 2050 2789 2130 quid
2839 2050 2903 2110 in

659 2160 974 2244 Aeschyli
1021 2161 1379 2244 tragoediis
1425 2160 1814 2223 inveniatur.
2172 2163 2176 2167 ’
2344 2139 2351 2146 ¹

747 2393 897 2474 Qua
965 2390 1262 2454 homines
1321 2391 1527 2453 ornati
1575 2399 1729 2453 sunt
1775 2389 2112 2471 sapientia,
2160 2387 2328 2451 hanc
2376 2401 2640 2451 omnem
2688 2410 2727 2451 a
2773 2388 2900 2450 deo

657 2516 1069 2590 acceperunt,
1139 2527 1289 2569 nam
1359 2505 1518 2568 nihil
1587 2506 1883 2587 cogitant
1949 2513 2063 2566 aut
2130 2512 2353 2587 agunt,
2424 2505 2545 2566 nisi
2593 2503 2901 2566 divinitus

659 2621 943 2703 instigati
1013 2618 1173 2702 (Cfr.
1235 2620 1407 2682 Pers.
1455 2619 1581 2699 763
1633 2628 1696 2681 et
1746 2618 1984 2697 Agam.
2033 2620 2407 2698 891—892,
2456 2640 2624 2701 quos
2674 2638 2901 2680 versus

658 2758 720 2818 p.
769 2722 888 2796 108
939 2731 1244 2813 laudavi).
1297 2722 1494 2795 Unde
1538 2708 1718 2813 patet
1766 2733 1963 2793 deum
2012 2732 2223 2794 omnis
2270 2733 2627 2814 sapientiae
2651 2731 2899 2793 fontem

657 2856 721 2911 et
766 2855 1101 2910 auctorem
1147 2864 1308 2907 esse.
1361 2844 1448 2907 Et
1495 2864 1651 2907 sane
1704 2843 1949 2926 Apollo
1997 2845 2181 2924 σοφὸς
2229 2846 2460 2908 dicitur
2505 2845 2691 2907 Eum.
2742 2858 2901 2925 275:

925 2963 1154 3037 φωνεῖν
1203 2957 1487 3040 ἐτάχθην
1535 2957 1688 3040 πρὸς
1734 2967 1928 3035 σοφοί)
1976 2954 2385 3019 διδασκάλου·
2479 2940 2481 2942 i

658 3078 814 3139 item
864 3074 1158 3137 Minerva
1202 3071 1390 3135 Eum.
1438 3089 1610 3151 427:

840 3191 983 3250 XO.
1057 3190 1195 3257 πῶς
1242 3182 1343 3266 δή,·
1391 3183 1664 3259 δίδαξον·
1715 3187 1843 3250 τῶν
1891 3188 2100 3267 σοφῶν
2147 3188 2267 3271 γὰρ
2312 3186 2384 3248 οὐ
2432 3187 2590 3269 πένῃ

750 3302 940 3384 Quae
991 3310 1211 3365 tamen
1259 3321 1329 3362 se
1376 3322 1563 3363 suam
1611 3302 1993 3383 sapientiam
2039 3303 2123 3366 ab
2173 3302 2331 3366 Iove
2378 3304 2705 3385 accepisse
2751 3304 2907 3366 dicit

657 3416 846 3480 Eum.
897 3416 1055 3495 834:
1728 3489 1735 3493 ᾗ

853 3526 858 3529 ’
924 3520 1169 3598 φρονεῖν
1216 3512 1281 3575 δὲ
1329 3513 1514 3594 κοέμοὶ
1560 3516 1718 3586 Ζεύς
1768 3512 1997 3579 ἔδωκεν
2046 3516 2116 3578 οὐ
2166 3517 2392 3589 κακῶς.
2447 3517 2509 3600 2)

747 3630 905 3700 Ζεύς
972 3629 1170 3711 igitur
1237 3648 1564 3690 summam
1636 3628 1832 3691 habet
1900 3630 2306 3711 sapientiam,
2371 3652 2568 3712 quam
2632 3632 2718 3693 ob
2769 3652 2904 3693 rem

661 3743 869 3805 From.
917 3740 1182 3804 61—62
1232 3744 1490 3822 Κράτος
1539 3743 1692 3805 dicit
1717 3742 2183 3806 Prometheum
2212 3742 2426 3806 minus
2454 3765 2683 3825 sapere
2711 3745 2905 3808 Iove:

1015 3856 1118 3915 καὶ
1166 3852 1352 3933 τήνδε
1401 3858 1513 3920 νῦν
1563 3859 1895 3935 πόρπασον
1943 3852 2263 3935 ἀσφαλῶς,
2308 3856 2417 3921 ἵνα

1015 3972 1196 4052 μάθῃ
1246 3971 1542 4048 σοφιστὴς
1591 3968 1676 4033 ὠν
1727 3971 1879 4040 Διὸς
1932 3968 2337 4052 νωθέστερος.

750 4082 940 4164 Quae
984 4094 1202 4148 autem
1254 4093 1352 4146 est
1398 4085 1517 4146 ista
1565 4084 1740 4146 Iovis
1790 4085 2150 4166 sapientia?
2202 4084 2353 4148 Hoc
2402 4105 2532 4147 non
2579 4083 2763 4147 facile
2811 4092 2907 4147 est

730 4283 774 4349 1)
811 4283 939 4331 Eam
977 4284 1076 4331 iam
1112 4297 1173 4330 ex
1207 4282 1291 4329 dei
1325 4281 1546 4347 potentia
1584 4280 1862 4329 derivatam
1896 4280 2014 4329 vide
2048 4297 2100 4345 p.
2142 4293 2250 4343 113.

728 4376 778 4437 2)
813 4376 898 4424 Sic
934 4374 1126 4440 Apollo
1162 4389 1223 4422 eo
1258 4380 1450 4422 tantum
1487 4375 1636 4431 σοφὸς
1672 4372 2009 4429 διδάσκαλος
2044 4373 2113 4437 fit,
2147 4372 2283 4436 quod
2318 4372 2460 4428 Ζεὺς
2491 4372 2595 4420 eius
2631 4372 2907 4419 διδάσκα-

663 4454 748 4512 λος
784 4461 872 4503 est.
