3442 4975
1728 378 1809 460 56

638 568 992 654 quicquam
1061 566 1296 639 harum
1357 581 1576 631 rerum
1634 567 1909 642 eveniet,
1959 582 2111 631 nam
2144 564 2318 638 ,Ζεύς
2363 567 2723 650 aliquando
2774 569 2893 634 hu-

642 684 814 750 milis
859 682 970 749 fiet
1016 682 1101 766 (v.
1151 680 1567 766 906—907):

951 788 990 876 ἦ
1034 798 1158 876 μὴν
1207 794 1303 857 ἔτι
1355 797 1535 873 Ζεύς,
1583 793 1817 877 καίπερ
1866 791 2129 878 αὐθάδη
2174 794 2448 876 φρονῶν,

957 907 1140 971 ἔσται
1190 912 1521 987 ταπεινός,
1703 994 1706 997 ⁴

644 1045 710 1100 et
791 1036 932 1119 ipse
1022 1034 1450 1099 Prometheus
1540 1035 1679 1097 eius
1770 1034 2066 1097 servandi
2157 1044 2549 1117 potestatem
2627 1036 2896 1101 habebit

648 1150 734 1233 (v.
781 1151 1192 1234 912—913):

1003 1259 1265 1324 τοιῶνδε
1312 1264 1576 1344 μόχθων
1627 1261 1942 1342 ἐκτροπὴν
1990 1257 2195 1333 οὐδεὶς
2239 1262 2415 1324 θεῶν

1004 1374 1256 1442 δύναιτ’
1301 1374 1386 1440 ἄν
1434 1372 1614 1459 αὐτῷ
1660 1374 1833 1456 πλὴν
1878 1379 2024 1457 ἐμοῦ
2072 1375 2273 1451 δεῖξαι
2320 1382 2559 1460 σαφῶς,

649 1505 830 1590 quod
891 1506 1085 1568 etiam
1131 1489 1341 1582 faciet,
1387 1498 1742 1587 postquam
1790 1504 1930 1586 ipse
1976 1523 2015 1565 a
2062 1504 2353 1586 quodam
2402 1503 2583 1568 Iovis
2630 1503 2764 1568 filio
2811 1526 2899 1568 ex

652 1621 764 1684 Ius
811 1640 1054 1702 genere
1101 1626 1266 1682 orto·
1293 1617 1379 1680 sit
1423 1617 1735 1681 liberatus
1782 1618 1868 1700 (v.
1916 1616 2326 1698 767—772):

777 1734 783 1740 ’
870 1746 990 1807 ΙΩ.
1065 1740 1220 1804 ὀὐδ’
1265 1740 1444 1804 ἔστιν
1492 1720 1898 1837 α-ὐτῲιτῆσδ)
1943 1742 2315 1825 α’ποστροφὴ
2363 1750 2585 1828 τυχηςς
2758 1816 2789 1864 Ι

830 1864 990 1922 ΠΡ.
1083 1856 1156 1919 οὐ
1203 1854 1389 1936 δῆτα,
1437 1853 1609 1936 πλὴν
1658 1854 1852 1937 ἔγωγ’·
1888 1860 1971 1919 ἄν
2006 1860 2086 1918 -ἐκ
2134 1856 2380 1939 δεσμῶν
2429 1856 2670 1931 λυθείς.

866 1975 988 2037 ΙΩ.
1085 1970 1185 2045 τίς
1231 1971 1344 2033 οὑν
1391 1973 1428 2031 ό
1471 1968 1683 2035 λύσων
1731 1972 1902 2033 ἐστὶν
1950 1970 2221 2044 ἄκοντος
2269 1974 2449 2050 Διός,

836 2091 994 2147 ΠΡ.
1092 2085 1225 2146 τῶν
1273 2084 1403 2145 σῶν
1451 2088 1578 2145 τιν’
1624 2081 1823 2146 αὐτὸν
1876 2084 2153 2163 ε’κρκόνων
2202 2076 2364 2146 εἶναι
2416 2086 2635 2168 χρεών.

855 2200 991 2262 ·Ι.Ω.
1088 2199 1225 2269 πῶς
1274 2189 1460 2269 εἶπας
1476 2221 1498 2273 ,·
1545 2190 1584 2276 ἦ
1628 2194 1763 2277 ’μός
1810 2200 1967 2268 παῖς
2012 2200 2071 2257 σ’
2117 2192 2479 2270 ἀπαλλάξει
2532 2196 2771 2273 κακῶν,

836 2318 993 2375 ΠΡ.
1090 2311 1304 2394 τρίτος
1347 2336 1413 2390 γε
1461 2310 1694 2391 γε’νναν
1744 2314 1901 2394 πρὸς
1946 2308 2075 2374 δέκ’
2120 2309 2423 2374 ἄλλαισιν
2471 2316 2710 2390 γοναῖς.

747 2453 879 2519 Sed
949 2454 1147 2518 etiam
1215 2442 1644 2517 Prometheus
1715 2453 1804 2516 ait
1871 2472 1941 2516 se
2009 2452 2228 2515 omnia
2288 2450 2504 2519 futura
2550 2471 2910 2534 praenosse

663 2570 747 2654 (v.
805 2569 1210 2649 101—1‘03):
2333 2559 2337 2564 ’

972 2678 1180 2741 καίτοι
1230 2676 1295 2739 τί
1343 2678 1542 2760 φημί,
1591 2681 1817 2739 πάντα
1865 2675 2420 2761 προυξεπίσταμαι

973 2793 1259 2874 σκεθρῶς
1306 2793 1389 2854 τὰ
1433 2772 1751 2873 μέλλοντ’,
1800 2788 1944 2854 οὐδέ
1988 2813 2092 2869 μοι
2143 2790 2487 2854 ποταίνιον

887 2986 890 2993 Ι
977 2909 1136 2986 πῆμ’
1179 2902 1357 2967 οὐδὲν
1407 2902 1561 2984 ἣξει,
1959 2887 1965 2894 ⁵

663 3043 728 3099 et
794 3043 1013 3098 tamen
1080 3053 1212 3096 non
1282 3033 1651 3115 suspicatus
1711 3040 1854 3096 erat
1914 3053 1984 3096 se
2030 3041 2166 3097 tam
2213 3032 2633 3098 vehementer
2680 3054 2911 3098 excru-

664 3150 905 3213 ciatum
952 3149 1025 3211 iri
1074 3154 1155 3228 (v.
1206 3146 1618 3233 271—273):

976 3272 1048 3334 οὐ
1092 3277 1216 3353 μήν
1264 3296 1326 3334 τι
1377 3277 1628 3345 ποιναῖς
1673 3275 1733 3350 y’
1779 3271 1991 3355 ᾠόμην
2039 3271 2278 3334 τοίαισί
2321 3297 2394 3354 με

977 3392 1553 3469 κατισχνανεῖσθαι
1603 3386 1759 3466 πρὸς
1807 3383 2071 3468 πέτραις
2118 3385 2503 3471 πεδαρσίοις,

979 3505 1240 3583 τυχόντ’
1287 3502 1513 3582 ἐρήμου
1562 3497 1739 3566 τοῦδ’
1784 3500 2113 3579 ἀγείτονος
2160 3507 2389 3580 πάγου.

666 3628 837 3691 Aliis
883 3627 1046 3690 locis
1093 3627 1254 3690 dicit
1297 3647 1368 3692 se
1416 3626 1576 3690 nihil
1623 3635 1688 3689 et
1734 3628 2065 3691 neminem
2112 3637 2421 3693 metuere.
2459 3652 2518 3694 e.
2542 3652 2639 3714 gr.
2668 3655 2730 3696 v.
2759 3649 2917 3714 932:

671 3783 676 3790 ·
757 3750 823 3813 τί
870 3749 927 3812 δ’
973 3753 1055 3812 ἄν
1103 3749 1408 3836 φοβοίμην
1456 3738 1510 3834 ᾧ
1553 3756 1789 3816 θανεῖν
1838 3750 1909 3813 οὐ
1953 3755 2254 3834 μόρσιμον
2268 3779 2291 3832 ,·

669 3875 734 3930 et
779 3888 840 3932 ν.
888 3881 1055 3947 937;
2202 3935 2207 3942 .

762 3980 892 4060 ἐμοὶ
939 3976 996 4040 δ’
1041 3975 1308 4040 ἔλασσον
1355 3981 1558 4059 Ζηνὸς
1604 3983 1647 4063 ἡ
1690 3978 1881 4063 μηδὲν
1927 3979 2122 4062 με’λει,

671 4096 827 4158 item
873 4115 982 4158 vv.
1029 4093 1420 4177 958—960:

1380 4210 1462 4290 μὴ
1510 4207 1578 4271 τί
1625 4230 1719 4271 σοι
1770 4207 1933 4272 δοκῶ

761 4321 1020 4404 ταρβεῖν
1069 4322 1508 4402 ὑποπτήσσειν
1561 4347 1628 4385 τε
1678 4325 1829 4396 τούς
1874 4321 2053 4396 νέους
2097 4327 2288 4398 θεούς
2304 4349 2327 4403 ,·

767 4432 1008 4498 πολλοῦ
1054 4458 1122 4515 γε
1174 4437 1280 4497 καὶ
1326 4439 1436 4498 τοῦ
1484 4437 1733 4510 παντὸς
1777 4433 2072 4517 ἐλλείπω,
2140 4509 2148 4518 ·
