3442 4975
1643 401 1759 468 155

575 575 834 658 privare
901 581 1138 654 potest.
1229 571 1404 642 Nam
1475 573 1608 636 vita
1675 572 1963 637 humana
2032 584 2168 639 tota
2235 576 2299 637 in
2346 550 2450 638 dei
2498 585 2823 658 potestate

576 689 789 772 posita
857 696 977 764 est,
1012 691 1068 765 Ι)
1136 687 1296 750 haec
1366 696 1586 751 autem
1633 688 1785 767 vita,
1855 690 2166 771 quamdiu
2217 690 2614 770 conceditur,
2664 691 2822 753 nihil

580 813 679 868 est
747 803 866 865 nisi
936 793 1200 863 umbra'
1239 801 1423 879 fumi,
1487 821 1743 883 semper
1815 811 1881 865 et
1952 803 2239 885 undique
2282 804 2582 884 periculis
2626 813 2824 888 atque

581 917 773 980 morti
821 915 1112 979 obnoxia
1139 917 1222 992 2).

671 1031 814 1093 Iam
883 1048 1122 1110 operae
1189 1029 1470 1111 pretium
1541 1036 1715 1091 esset
1760 1028 2176 1112 investigare,
2223 1029 2397 1092 unde
2443 1029 2825 1115 Aeschylus

579 1156 712 1210 tam
783 1153 1048 1223 rectam,
1120 1143 1423 1226 quamvis
1493 1143 1899 1206 deminutam
1969 1163 2047 1205 ac
2118 1144 2481 1207 mutilatam
2552 1144 2639 1206 de
2697 1144 2824 1207 deo

581 1259 913 1322 scientiam
961 1257 1250 1322 hauserit
1293 1257 1402 1342 (de
1447 1278 1579 1340 qua
1624 1277 1693 1320 re
1739 1276 1950 1338 pauca
1973 1257 2039 1319 in
2066 1258 2411 1320 Prooemio
2438 1257 2502 1342 3)
2529 1278 2827 1340 praemo-

579 1373 891 1456 nuimus).
983 1373 1157 1437 Nam
1233 1372 1382 1435 licet
1447 1369 1828 1454 Aeschylus
1890 1379 2121 1434 natura
2184 1372 2475 1434 maxime
2522 1370 2828 1453 religiosa

579 1487 914 1570 praeditus
984 1495 1159 1570 esset
1225 1495 1424 1568 atque
1492 1483 1662 1547 hanc
1732 1485 1942 1567 ipsam
2012 1485 2099 1547 ob
2171 1504 2309 1548 rem
2364 1469 2534 1549 ¹inter
2594 1505 2824 1568 omnes

582 1600 872 1664 Graecos
921 1588 1243 1663 excellere
1285 1599 1575 1676 deberet,
1624 1607 1849 1692 tamen
1892 1598 2253 1662 tenendum
2298 1607 2421 1677 est,
2470 1599 2650 1682 quod
2696 1601 2824 1663 iam

575 1712 645 1798 p.
719 1732 758 1796 3
804 1707 1143 1797 ‘prooemii
1212 1713 1419 1797 attuli,
1489 1711 1906 1794 Aeschylum
1977 1713 2045 1776 in
2114 1713 2308 1776 rebus
2378 1714 2617 1776 divinis
2694 1734 2827 1777 non

580 1832 940 1909 μονόφρονα
1010 1828 1233 1906 fuisse,
1281 1827 1397 1890 sed
1442 1828 1584 1890 eius
1630 1835 1842 1890 aetate
1888 1827 2110 1908 plures
2158 1848 2417 1891 summa
2462 1849 2620 1909 erga
2665 1829 2825 1890 deos

581 1944 822 2025 pietate
892 1943 1180 2005 imbutos
1250 1941 1452 2004 fuisse
1511 1940 1608 2023 (ut
1671 1961 1760 2003 ex
1803 1941 2015 2022 poetis
2064 1941 2401 2021 PindaruS‚
2452 1940 2828 2005 Heraclitus

584 2058 747 2120 inter
793 2053 1264 2138 philosophos).
1355 2055 1556 2136 Quod
1602 2075 2003 2138 quamquam
2053 2075 2359 2139 magnam
2405 2064 2658 2138 partem
2682 2077 2828 2138 gra-

582 2171 777 2256 vibus
819 2169 944 2232 illis
991 2169 1418 2251 temporibuS,
1466 2169 1706 2251 quibus
1754 2169 2131 2252 Aeschylus
2178 2170 2357 2247 vixit,
2403 2170 2827 2245 tribuendum

584 2285 703 2348 erit
765 2283 938 2362 (vide
997 2302 1151 2365 pag.
1203 2281 1286 2364 2),
1333 2290 1552 2345 tamen
1599 2283 1682 2345 ad
1732 2281 1899 2347 hanc
1945 2282 2259 2367 Aeschyli
2304 2282 2715 2367 aliorumque
2762 2285 2828 2346 id

582 2398 894 2480 temporis
960 2398 1270 2479 pietatem
1356 2396 1862 2479 intellegendam
1931 2398 2168 2480 scripta
2236 2417 2489 2476 eorum,
2561 2400 2675 2481 qui
2743 2399 2828 2462 ab

589 2509 887 2577 Homero
938 2533 1144 2594 usque
1191 2513 1277 2577 ad
1324 2510 1739 2594 Aeschylum
1786 2511 2066 2590 fuerunt,
2114 2513 2251 2575 sine
2298 2513 2501 2577 dubio
2548 2512 2828 2578 multum

582 2627 870 2711 afferent.
963 2624 1095 2689 Sed
1144 2625 1304 2689 haec
1349 2610 1621 2689 alteram
1671 2626 2183 2708 disputationem
2230 2626 2545 2709 flagitant,
2584 2626 2738 2690 mihi
2764 2629 2828 2691 in

584 2742 711 2803 hoc
779 2739 1105 2823 opusculo
1173 2740 1251 2803 iis
1315 2740 1878 2823 supersedendum
1951 2740 2088 2806 suin
2185 2740 2389 2823 Quod
2436 2742 2719 2825 denique
2764 2743 2831 2805 in

583 2856 726 2919 viro
795 2863 930 2917 tam
1002 2852 1284 2936 religiosi
1346 2856 1603 2936 ingenii,
1664 2855 1779 2937 qui
1827 2863 1961 2918 tam
2009 2856 2321 2937 gravibus
2366 2856 2535 2918 vixit
2578 2865 2829 2938 tempo·

586 2971 787 3046 ribus,
861 2970 1050 3031 unius
1118 2970 1252 3032 veri
1331 2968 1458 3031 Dei
1530 2969 1820 3050 cognitio
1890 2969 2310 3032 nihilominus
2379 2969 2567 3033 valde
2638 2970 2828 3050 inops

586 3091 782 3165 atque
828 3091 1134 3164 corrupta
1179 3091 1299 3159 est,
1347 3082 1508 3145 haec
1558 3102 1658 3143 res
1706 3082 1974 3145 minime
2021 3084 2182 3157 mira
2204 3080 2411 3145 videri
2436 3082 2649 3159 debet,
2676 3102 2827 3145 nam

590 3195 884 3258 Christus
931 3197 1097 3259 dixit
1119 3200 1219 3274 4):
1269 3194 1443 3272 Ἐγώ
1487 3199 1610 3275 εἶμι
1664 3201 1700 3275 η’
1738 3193 1877 3267 ὁδὸς
1924 3198 2029 3255 καὶ
2078 3201 2118 3275 η’
2164 3192 2445 3275 ἀλήθεια
2486 3194 2827 3274 καὶήζωή·

587 3306 788 3381 οὐδεὶς
835 3308 1088 3391 ἔρχετὰι
1140 3311 1294 3390 πρὸς
1339 3312 1452 3371 τὸν
1502 3306 1775 3389 πατέρα,
1825 3310 1881 3370 εἴ
1926 3312 2008 3389 μὴ
2059 3307 2142 3372 δι’
2192 3311 2357 3389 ἐμοῦ.

660 3509 705 3560 ll
746 3510 867 3574 Pag.
909 3508 1018 3558 116.

654 3599 705 3665 2)
739 3600 860 3664 Pag.
903 3611 1012 3659 142.

657 3694 706 3755 3)
744 3692 866 3757 Pag·
903 3703 1082 3755 7-14-

653 3781 706 3847 4)
743 3782 940 3848 Euang.
974 3783 1092 3848 Joh.
1127 3782 1271 3845 XIV,
1306 3784 1354 3832 6.
