3442 4975
1607 436 1697 502 49

1051 604 1392 679 Μενέλαος
1435 604 1606 679 ἄναξ
1653 604 1752 685 ἠδ’
1784 602 2234 688 ’Ἀγαμέμνωις
2298 633 2302 639 ·

1050 719 1358 803 διθρόνου
1406 723 1650 784 Διόθεν
1699 722 1821 781 καὶ-
1856 719 2245 803 δισκήπτρου
2315 744 2321 747 ·

1013 835 1232 916 ’τιμῆς
1276 835 1502 918 ὀχυρόν
1553 834 1764 912 ζεῦγος
1811 832 2167 917 Ἀτρειδᾶν,

509 952 638 1014 *nisi
687 952 738 1012 si
785 952 930 1032 quis
976 950 1153 1013 hun-c
1199 950 1423 1014 locum
1471 951 1560 1014 ita
1585 950 1963 1033 intellegere
1992 949 2196 1028 malit,
2226 949 2298 1013 ut
2320 950 2519 1015 verba
2543 948 2769 1033 διθρό-

471 1128 474 1131 ,
517 1085 630 1125 νου
679 1065 784 1125 καὶ
831 1061 1221 1145 δισκήπτρου
1261 1068 1444 1151 τιμῆς
1468 1066 1655 1147 quasi
1688 1083 1887 1127 unam
1917 1064 2255 1127 notionem
2281 1065 2652 1147 exprimant
2684 1065 2769 1149 1),

515 1180 599 1245 ad
647 1200 846 1262 quam
895 1180 1158 1256 Διόθεν,
1218 1176 1498 1261 genetivi
1549 1176 1891 1241 subiectivi
1939 1175 2431 1261 significatione,
2480 1178 2769 1258 accedat,

517 1294 620 1356 cui
669 1294 955 1375 opinioni
1004 1313 1109 1355 me
1156 1313 1289 1355 non
1334 1291 1699 1356 admodum
1749 1299 2225 1374 repugnantem
2272 1289 2564 1356 habebit.
2616 1296 2678 1370 2)
2752 1306 2756 1313 ·

518 1408 773 1470 Eodem
845 1406 1047 1469 modo
1116 1404 1498 1487 Aeschylus
1563 1425 1720 1468 usus
1770 1414 1869 1468 est
1912 1424 2103 1481 voce,
2144 1425 2312 1488 quae
2360 1398 2769 1483 θεῖ’θεόθεν,

519 1542 575 1585 e.
605 1542 722 1604 gr.
768 1521 1010 1601 Agam.
1069 1518 1228 1583 126.
1285 1522 1417 1581 ἄτα
1464 1520 1745 1595 θεόθεν,·
1784 1513 1963 1588 Pers.
2010 1535 2312 1600 93—-942
2361 1520 2605 1579 θεόθεν
2650 1517 2771 1599 γὰρ

521 1636 691 1697 κατά
736 1638 901 1715 μοῖρ’
950 1635 1293 1715 ἐκράτησεν
1343 1634 1416 1693 τό
1465 1628 1748 1694 παλαιόν
1796 1630 1883 1718 3).
2320 1654 2324 1659 ·
2429 1701 2435 1708 ⁸

569 1732 821 1812 Multo
855 1750 1061 1812 etiam
1110 1748 1323 1830 magis
1369 1746 1474 1810 hic
1522 1766 1680 1810 usus
1709 1746 2081 1820 verborum
2129 1746 2195 1808 in
2222 1782 2302 1793 --
2332 1750 2454 1807 θεν
2480 1746 2773 1810 desinen-

517 1864 682 1927 tium
751 1884 872 1945 pro
919 1864 1222 1946 genetivo
1269 1869 1537 1945 apparet
1582 1860 1656 1924 in'
1692 1881 1856 1925 voce
1904 1881 2071 1943 quae
2118 1869 2229 1926 est.
2265 1857 2479 1921 σέθεν.
2572 1860 2771 1941 Quod

523 1977 802 2041 verbum
850 1997 1000 2040 cum
1049 1975 1455 2040 substantivo
1502 1982 1616 2039 aut
1660 1976 2279 2057 praepositioneaut
2302 1973 2613 2038 adverbio
2638 1975 2773 2037 iun-

522 2093 696 2175 gitur
741 2092 914 2154 PerS.
965 2092 1128 2154 218:
1179 2088 1276 2150 σοί
1324 2111 1392 2150 τε
1443 2090 1549 2149 καὶ
1597 2085 1841 2161 τέκνοις
1886 2084 2109 2164 σέθεν,·
2156 2086 2329 2168 Sept.
2384 2090 2771 2169 128—129:

521 2202 712 2265 σέθεν
782 2205 900 2284 γὰρ
973 2202 1038 2277 ἐξ
1107 2202 1376 2282 αἵματος
1441 2203 1817 2280 γεγόναμενς
1887 2202 2127 2283 Agam.
2192 2204 2578 2283 846-8472
2650 2205 2769 2263 τόν

522 2315 710 2377 θ’ὑπ’
754 2312 934 2397 Ἰλίῳ
981 2314 1172 2377 σέθεν
1221 2313 1548 2393 κίνδυνον,·
1596 2316 1784 2380 Eum.
1843 2332 1997 2396 103:
2045 2316 2162 2397 ὅρα
2203 2312 2268 2376 δὲ
2296 2313 2554 2397 ,πληγὰς
2579 2312 2769 2378 τάσδε

524 2426 754 2512 καρδίᾳ
824 2427 1013 2492 σέθεν
1031 2454 1054 2507 ‚-
1097 2428 1119 2490 .‘
1147 2428 1416 2512 Ckok'ph.
1485 2429 1650 2494 688:
1737 2432 1911 2493 οὗτοι
1984 2434 2297 2510 κυρήσεις.
2336 2435 2509 2511 μεῖον
2579 2427 2772 2506 οὲξίως

523 2543 742 2622 σέθεν,·
809 2544 1034 2626 Suppl.
1069 2545 1466 2627 «786—787:
1516 2542 1582 2604 τί
1631 2541 1688 2605 δ’
1734 2545 1893 2606 ἄνευ
1940 2541 2133 2605 σέθεν
2180 2549 2480 2606 θνατοῖσι
2530 2541 2771 2606 τέλειόν

527 2661 726 2736 gom-v,-
793 2661 1060 2741 passim.
1107 2659 1180 2742 4)
1239 2661 1492 2739 ,Μοῖραι
1562 2658 1809 2719 Διόθεν
1877 2657 2001 2722 vel.
2050 2661 2293 2720 θεόθεν
2337 2663 2525 2740 μοῖρα
2573 2659 2772 2741 igitur

524 2775 712 2837 idem·
745 2782 846 2836 est
890 2794 966 2836 ae
1011 2775 1170 2845 Ζεύς
1217 2775 1446 2854 Μοῖρά
1493 2772 1799 2836 τε·.Εκνιι.
1856 2789 2291 2840 1021—.1022
2341 2775 2513 2857 (vide
2558 2795 2623 2856 p.
2662 2791 2771 2852 40.

525 2885 634 2949 Sic
701 2887 900 2949 etiam
973 2887 1055 2948 R.
1131 2886 1219 2949 H.
1291 2886 1612 2963 Klausen,
1660 2883 1891 2948 Theol.
1940 2885 2259 2968 Aeschyli
2303 2896 2472 2970 trag.
2520 2908 2586 2970 p.
2638 2885 2771 2970 37).

529 3001 903 3083 Unicuique
973 3020 1129 3063 sane
1189 3001 1608 3082 perspicuum
1645 3000 1774 3079 est,
1840 3001 1894 3064 si
1946 3002 2191 3063 Διόθεν
2238 3010 2305 3066 et
2351 3007 2558 3083 ιιοῒραι
2608 3003 2774 3065 inter

597 3223 642 3289 1)
687 3225 769 3274 Sic
805 3223 1067 3272 Wecklein
1109 3223 1208 3272 hoc
1242 3222 1423 3271 eodem
1455 3222 1571 3271 loco
1605 3223 1757 3271 etiam
1792 3221 1937 3286 plura
1970 3221 2127 3272 verba
2161 3236 2310 3271 unam
2345 3222 2605 3272 notionem
2641 3238 2773 3272 con-

525 3316 681 3366 tinere
729 3315 800 3364 ait
845 3314 898 3362 in
932 3313 1257 3364 annotatione
1292 3315 1357 3363 ad
1393 3330 1441 3362 v.
1475 3327 1540 3377 43
1573 3313 1642 3378 (p.
1679 3313 1791 3379 34):
1829 3313 1981 3372 „Von
2014 3312 2133 3362 dem
2167 3312 2315 3363 datin
2348 3312 2404 3379 (i.
2438 3330 2481 3362 e.
2520 3314 2572 3364 in
2600 3314 2773 3364 -verbis

530 3422 661 3470 quae
711 3412 849 3454 sunt:
903 3403 1169 3472 διθρόνου
1221 3405 1438 3472 Διόθεν
1491 3407 1578 3452 καὶ
1627 3403 1963 3470 δισκήπτρου
2014 3409 2173 3468 τιμῆς
2210 3405 2401 3472 ὀχυρὸν
2435 3405 2643 3471 ζεῦγος)
2673 3406 2771 3455 lie-

531 3497 732 3564 genden
767 3496 1126 3546 einheitlichen
1161 3495 1349 3561 Begriff
1379 3496 1829 3562 „g'ottbegnadetes
1866 3496 2304 3562 Herrscherpaar”
2326 3498 2483 3564 hangt
2505 3498 2593 3548 der
2605 3499 2775 3549 zweite

529 3590 659 3640 Gen.
695 3589 1004 3656 Ἀτρείδαιν
1037 3587 1152 3664 αὕτ’.
1460 3628 1462 3632 ,
1517 3597 1522 3601 “
1925 3601 1931 3608 ’
2675 3574 2681 3580 ’

595 3681 644 3738 2)
681 3681 849 3742 Βοὼ,
883 3681 1060 3748 quales
1093 3681 1271 3745 Agant.
1307 3679 1604 3743 448—449:

1329 3771 1602 3834 βάλλεται
1638 3773 1745 3840 γὰρ
1778 3769 1893 3830 ὄσ-ν
1925 3803 1931 3808 -

613 3921 618 3924 ¹
1285 3919 1290 3923 ι
1332 3877 1438 3924 σοις
1472 3863 1684 3914 Διόθεν
1715 3863 1985 3931 κεραυνός.

529 3965 578 4008 et
613 3959 788 4007 Prom-
831 3966 1190 4022 1090—1091:
1261 3939 1268 3950 ⁸

1200 4046 1377 4094 τοιάδ’
1416 4047 1505 4095 ἐπ’
1540 4048 1654 4108 ἐμοὶ
1689 4045 1819 4112 ῥιπὴ
1858 4046 2069 4096 Διόθεν

1197 4139 1462 4204 τεύχουσα
1501 4139 1670 4202 φόβον
1709 4141 1907 4202 στείχει
1943 4139 2195 4204 φανερῶς.

531 4247 632 4281 non
669 4237 820 4296 patet,
871 4236 1034 4279 utrum
1071 4228 1286 4278 Διόθεν
1321 4245 1436 4278 cum
1472 4228 1784 4278 substantivo
1819 4244 1885 4277 an
1922 4244 2037 4277 cum
2072 4227 2225 4276 verbo
2259 4226 2321 4275 sit
2352 4226 2679 4292 iungendum.
2711 4251 2779 4262 —

532 4323 634 4374 Csr.
669 4321 872 4371 Pindari
908 4321 1059 4370 Nem.
1096 4321 1190 4380 VI,
1228 4333 1315 4381 14:
1356 4321 1568 4374 ταύταν
1603 4321 1867 4382 μεθέπων
1906 4319 2125 4369 Διόθεν
2162 4309 2341 4368 αἶσαν.

599 4412 648 4479 3)
717 4412 820 4462 Csr.
857 4411 985 4468 Pind
1038 4411 1186 4476 Pyth.
1221 4412 1316 4477 XI,
1351 4423 1452 4478 50:
1487 4412 1702 4462 θεόθεν
1741 4413 1969 4480 ἐραίμαν
1992 4409 2204 4467 ,καλῶνι

598 4504 650 4571 4)
719 4503 847 4553 Loci
879 4503 945 4556 de
978 4518 1104 4554 voce
1137 4519 1263 4569 quae
1298 4510 1372 4554 est
1409 4498 1548 4554 ἕθεν
1582 4503 1700 4553 addi
1734 4502 1951 4568 possint.
1984 4539 1997 4554 .
