3442 4975
1642 451 1725 524 77

561 649 850 712 quonam
901 630 1102 693 modo
1147 628 1528 713 Aeschylus
1575 630 1746 694 hanc
1790 633 2342 714 permutationem
2388 629 2805 712 explicaverit,

559 764 711 806 nam
758 745 1156 826 Areopagus
1200 765 1310 807 eas
1360 745 1623 808 minime
1671 754 2047 809 mansuetas
2094 745 2397 822 reddidit,
2444 745 2560 808 sed
2582 766 2806 809 earum

559 857 691 921 vim
759 867 1012 921 tantum
1082 857 1365 940 infregit.
1438 859 1581 921 Nec
1627 861 1808 941 prius
1855 841 2215 942 placantur,
2263 880 2461 942 quam
2512 860 2810 923 Minerva

561 972 725 1034 dixit
771 992 881 1034 eas
927 981 1309 1053 accepturas
1357 992 1498 1034 esse
1543 968 1732 1054 ’ἕδραν
1783 975 1989 1053 πάσης
2036 971 2314 1052 ἀπήμον’
2358 969 2561 1045 οΐζτίος
2600 975 2809 1055 iisque

562 1084 738 1150 hunc
807 1085 1128 1149 honorem
1197 1087 1509 1165 futurum,
1580 1087 1665 1159 ὡς
1735 1092 1819 1166 μή
1889 1084 2012 1151 τιν’
2076 1078 2245 1152 οἷκον
2310 1085 2591 1152 εὐθενεῖν
2653 1089 2807 1152 ἄνευ

561 1198 746 1264 σέθεν
808 1200 1021 1284 (Eum.
1072 1202 1468 1282 874—-8773
1541 1201 1654 1267 cfr.
1702 1224 1763 1266 v.
1816 1202 1990 1284 819).
2084 1200 2218 1264 Sed
2267 1200 2443 1265 hunc
2489 1201 2810 1265 honorem

561 1317 691 1379 iam
761 1325 952 1379 antea
1019 1314 1367 1391 habebant,
1439 1337 1650 1399 neque
1719 1317 1922 1400 igitur
1990 1315 2152 1380 haec
2212 1317 2410 1381 verba
2457 1317 2811 1399 quicquam

561 1431 740 1493 aliud
809 1430 1173 1513 significant
1218 1431 1341 1492 nisi
1385 1429 1555 1494 hoc:
1630 1451 1750 1494 oro
1797 1452 1937 1510 VOS,
1988 1440 2060 1495 ut
2105 1452 2281 1495 nunc
2325 1430 2510 1495 irasci
2558 1429 2810 1495 desina-

561 1546 660 1623 tis,
734 1545 801 1606 in
871 1552 1208 1627 posterum
1271 1553 1488 1608 vestro
1536 1544 1769 1609 honori
1820 1567 1948 1609 non
1996 1548 2231 1609 iterum
2279 1547 2811 1612 obtrectabimuS.

565 1657 826 1722 Cedunt
906 1659 1105 1742 igitur
1187 1659 1513 1741 precibuS,
1598 1658 1721 1723 hac
1807 1681 1876 1722 re
1942 1669 2082 1724 tota
2148 1660 2430 1743 placatio
2500 1663 2812 1726 consistit.

565 1773 797 1855 Itaque
867 1770 1176 1835 Orestam
1247 1774 1550 1855 persequi
1622 1794 1755 1836 non
1803 1775 2129 1851 desinunt,
2176 1776 2359 1859 quod
2410 1775 2813 1838 Eumenides

565 1885 774 1948 factae
843 1896 1014 1964 sunt,
1084 1887 1200 1950 sed
1269 1888 1426 1970 quia
1492 1887 1648 1951 solis
1717 1888 2034 1971 suffragiis
2096 1900 2245 1953 sunt
2291 1891 2521 1954 victae.
2618 1891 2815 1953 Fiunt

565 2001 735 2063 enim
843 2001 1261 2079 EumenideS,
1365 2011 1717 2085 postquam
1826 2001 2091 2067 Orestes
2193 2024 2418 2067 earum
2507 2004 2815 2087 potestati

567 2124 826 2197 ereptus
872 2123 991 2178 est.
1051 2116 1110 2200 1)

656 2228 1053 2292 Schoemann
1135 2230 1292 2293 dicit
1358 2231 1522 2314 (Des
1592 2227 2023 2313 Aeschylos'‘
2058 2232 2491 2310 Eumeniden,
2566 2253 2632 2313 p.
2706 2232 2811 2314 8):

570 2319 777 2420 „Man
836 2342 1109 2406 erkennt
1168 2342 1382 2420 leicht,
1432 2342 1581 2406 dass
1629 2343 1783 2405 dem
1834 2342 2107 2406 Dichter
2152 2344 2258 2406 die
2305 2342 2816 2425 Lossprechung

567 2458 686 2523 des
733 2455 1000 2521 Orestes
1049 2456 1229 2521 nicht
1275 2457 1391 2520 der
1437 2456 1744 2540 alleinige
1791 2457 1948 2520 oder
1996 2458 2111 2521 der
2146 2456 2579 2540 Hauptinhalt
2606 2459 2817 2521 seiner

566 2572 896 2655 Tragodie
979 2574 1116 2636 sein
1200 2572 1386 2649 solle,
1467 2572 1754 2636 sondern
1840 2571 1991 2634 dass
2075 2571 2285 2634 dieser
2365 2571 2683 2636 vielmehr
2751 2574 2815 2635 in

571 2686 990 2769 demjenigen
1060 2685 1352 2764 bestehe,
1412 2707 1546 2749 was
1594 2707 1663 2748 er
1711 2686 1828 2749 mit
1866 2684 2052 2768 jener
2100 2685 2164 2747 in
2212 2685 2650 2769 Verbindung
2695 2707 2814 2772 ge-

568 2800 799 2863 bracht
867 2800 998 2878 hat,
1058 2801 1122 2862 in
1169 2800 1287 2863 der
1331 2800 1757 2883 Anordnung
1804 2800 1921 2863 des
1972 2796 2456 2863 Gerichtshofes
2504 2799 2626 2863 auf
2664 2799 2815 2862 dem

569 2916 907 2997 Areopag,
999 2913 1313 2978 wodurch
1409 2913 1853 2989 Verbrechen,
1927 2915 2043 2977 wie
2126 2914 2241 2977 das
2329 2914 2442 2977 des
2527 2912 2816 2991 OresteS,

567 3030 778 3092 fortan
846 3029 961 3091 der
1031 3028 1477 3110 unbedingten
1539 3026 1955 3109 Strafgewalt
2000 3028 2115 3090 der
2166 3028 2453 3109 Erinyen
2499 3038 2815 3111 entzogen

568 3143 851 3221 werden,
922 3142 1056 3205 und
1126 3143 1190 3205 in
1259 3142 1376 3204 der
1439 3140 1887 3223 Versohnung
1934 3141 2049 3203 der
2096 3142 2391 3224 Erinyen
2441 3143 2559 3203 mit
2607 3141 2819 3203 dieser

569 3257 1011 3339 Anordnung,
1084 3255 1218 3318 und
1285 3254 1458 3317 ihrer
1536 3254 2025 3337 Umwandlung
2094 3275 2211 3317 aus
2282 3252 2611 3316 unholden
2685 3252 2817 3316 und

569 3370 1053 3435 verderblichen
1125 3368 1632 3452 Rachegeistern
1703 3369 1766 3430 in
1832 3367 2328 3432 wohlwollende
2377 3368 2510 3431 und
2558 3388 2819 3450 segens·

572 3483 787 3548 reiche
837 3483 1233 3547 Gottinnen”
1266 3484 1333 3567 2)
1385 3482 1570 3545 Haec
1618 3504 1765 3545 non·
1799 3483 2010 3565 magis
2055 3483 2335 3565 placent,
2383 3503 2534 3545 nam
2576 3481 2816 3547 Schoe-

575 3621 768 3663 mann
836 3607 1023 3681 putat
1092 3598 1522 3679 Areopagum
1571 3596 1741 3660 hanc
1786 3597 1869 3660 ab
1917 3617 2182 3659 causam
2231 3595 2601 3661 institutum
2652 3618 2820 3674 esse,

576 3724 645 3777 ut
688 3713 841 3777 talia
888 3712 1154 3790 scelera,
1211 3711 1403 3795 quale
1453 3709 1721 3775 Orestes
1770 3712 2121 3789 commisit,
2168 3710 2447 3793 posthac
2496 3712 2820 3795 Erinyum

579 3886 641 3896 ..4-

646 3983 690 4050 1)
729 3986 985 4033 Praeterea
1033 3999 1136 4032 non
1187 3984 1304 4032 satis
1357 3984 1618 4048 perspicua
1653 3984 1883 4032 videntur
1923 3985 2047 4033 haec
2084 3984 2266 4033 verba:
2320 3984 2398 4031 die
2438 3984 2487 4030 V
2486 3982 2828 4047 erwandlung

574 4093 668 4125 aus
719 4076 956 4143 Erinyen
1009 4076 1064 4123 in
1117 4076 1457 4136 Eumeniden,
1507 4076 1624 4139 quia
1677 4091 1781 4122 non
1831 4082 1979 4139 patet,
2033 4082 2191 4123 utrum
2249 4074 2397 4138 Rapp
2449 4074 2579 4122 hanc
2614 4090 2818 4139 permu-

574 4167 814 4216 tationem
864 4168 929 4216 ad
983 4174 1138 4216 totam
1194 4166 1436 4231 Erinyum
1490 4174 1715 4215 naturam
1768 4166 2015 4230 pertinere
2064 4173 2221 4231 putet,
2268 4166 2337 4214 ita
2385 4172 2573 4214 utnon
2609 4165 2823 4230 amplius

573 4256 822 4324 Ἐρινύες
874 4265 1082 4317 exstent,
1136 4274 1201 4305 an
1253 4259 1314 4306 ad
1364 4258 1527 4307 solum
1564 4273 1733 4307 earum
1769 4257 1821 4304 in
1857 4257 2086 4305 Orestam
2121 4257 2363 4305 animum.
2432 4256 2528 4318 Qui
2564 4262 2706 4321 putat
2740 4272 2823 4305 eas

577 4366 680 4397 non
745 4349 957 4414 amplius
1024 4348 1238 4413 Erinyes
1301 4364 1424 4411 esse,
1488 4349 1530 4397 is
1586 4349 1719 4413 legat
1770 4348 1928 4398 Eum.
1982 4348 2106 4411 8773
2174 4348 2468 4413 911—9183
2525 4359 2823 4413 930—9353

576 4452 858 4505 970-973-

649 4533 698 4599 2)
735 4534 847 4582 vide
881 4540 1052 4581 annot.
1093 4546 1137 4582 1.
