3442 4975
1539 385 1653 450 125

559 557 777 638 Leges
825 555 1046 638 igitur,
1097 577 1260 638 quas
1297 557 1461 618 deus
1503 557 1567 618 in
1608 555 1953 620 hominum
1992 555 2319 618 mentibus
2359 554 2720 637 insculpsit,

467 677 620 732 sunt
669 670 907 744 iustae;
957 667 1086 730 hoc
1125 678 1380 732 tantum
1417 669 1783 732 addubitari
1819 670 2049 750 possit,
2093 689 2308 731 nonne
2344 668 2420 730 iis
2445 668 2721 751 obsequi

463 782 827 865 potentiam
876 780 1231 846 humanam
1278 783 1574 846 excedat.
1626 781 1830 864 Quod
1867 783 1955 846 ad
1993 791 2295 846 naturam
2321 782 2721 846 facultatem-

470 916 599 979 que
647 896 1023 973 humanam,
1072 905 1341 978 apparet
1388 895 1503 958 has
1551 895 1735 977 leges
1783 917 1913 959 non
1954 897 2291 977 graviores
2329 916 2490 974 esse,
2518 916 2721 978 quam

470 1018 540 1072 ut
603 1009 903 1072 homines
970 1010 1046 1072 iis
1087 1018 1378 1092 pareant,
1427 1031 1578 1073 nam
1622 1011 1864 1092 partim
1910 1011 2039 1074 hoc
2084 1011 2349 1088 faciunt,
2400 1020 2471 1073 ut
2516 1031 2572 1073 e.
2621 1031 2719 1092 gr.

470 1123 915 1207 Amphiaraus
1008 1125 1374 1208 appellatur
1452 1129 1718 1206 σώφρων
1805 1121 2045 1195 δίκαιος
2090 1109 2379 1202 ’ἀγαθὸς
2464 1122 2719 1210 εὐσεβὴς

469 1238 630 1320 ἀνήρ
701 1238 893 1319 (Sept.
969 1243 1138 1318 593),
1210 1240 1449 1321 partim
1519 1240 1991 1322 vituperantur,
2061 1240 2240 1321 quod
2312 1237 2412 1302 his
2459 1237 2718 1320 legibus

471 1373 600 1415 non
626 1352 1000 1416 oboediant.
1050 1352 1146 1416 At
1170 1353 1426 1416 videtur
1449 1352 1779 1416 interdum
1803 1351 2007 1415 homo
2032 1351 2156 1415 hac
2181 1371 2300 1414 sua
2324 1351 2717 1414 oboediendi

468 1467 775 1531 facultate
847 1468 939 1530 uti
1007 1467 1275 1529 minime
1344 1487 1560 1549 posse,
1609 1467 1764 1548 quia
1810 1486 1940 1529 non
1988 1465 2151 1529 liber
2196 1466 2279 1529 sit
2326 1466 2390 1528 in
2435 1465 2721 1547 agendo,

466 1583 583 1645 sed
609 1582 826 1646 divina
852 1581 1237 1644 necessitate
1259 1589 1432 1644 recte
1454 1589 1567 1644 aut
1593 1579 1765 1643 male
1786 1600 1984 1662 agere
2009 1588 2307 1662 cogatur.
2350 1579 2505 1642 Huc
2531 1579 2723 1661 perti-

469 1711 577 1760 net
625 1697 733 1761 illa
778 1692 1171 1779 θεοβλάβεια
1218 1705 1282 1759 et
1320 1697 1452 1757 ἄτα
1483 1699 1718 1756 θεόθεν
1748 1695 1851 1760 vel
1878 1692 1966 1755 οἷπ
1980 1697 2104 1776 άτη
2130 1698 2285 1755 θεοῦ
2312 1703 2377 1758 et
2400 1689 2723 1774 ἀλάστωρ,

467 1833 637 1894 quae
660 1813 814 1876 viris
837 1811 1046 1874 doctis
1069 1819 1279 1874 tantas
1305 1810 1664 1873 attulerunt
1690 1809 2124 1873 difficultates.
2175 1809 2386 1891 Supra
2413 1809 2541 1870 iam
2566 1808 2723 1870 vidi-

469 1947 615 1988 mus
663 1926 749 2009 (p.
809 1923 1182 2010 106—109)
1232 1922 1390 1987 nihil
1418 1924 1501 1986 ab
1528 1923 1903 1986 hominibus
1929 1923 2085 1998 fieri,
2111 1923 2271 2005 quin
2294 1943 2333 1985 a
2358 1922 2485 1984 deo
2513 1921 2724 2006 (Iove)

467 2041 551 2105 sit
594 2040 953 2122 provisum.
1004 2038 1259 2101 Ibidem
1309 2039 1508 2101 etiam
1556 2037 2171 2114 demonstravimuS‚
2217 2037 2572 2099 Xerxem'a
2598 2035 2724 2097 deo

470 2155 856 2237 instigatum
878 2153 1101 2230 fuisse,
1131 2162 1199 2216 ut
1223 2138 1387 2216 illud
1413 2151 1731 2215 nefarium
1755 2152 2002 2215 bellum
2031 2152 2298 2215 Graecis
2324 2150 2585 2212 inferret
2605 2150 2753 2232 (sic'

469 2277 656 2350 putat
701 2269 967 2330 nuntius
1007 2266 1190 2330 Pers.
1244 2245 1616 2348 351—352,
1664 2268 1917 2330 Atossa
1961 2288 2022 2329 v.
2070 2277 2449 2350 470-471,
2481 2260 2724 2326 chorus

470 2403 527 2445 v.
582 2395 955 2461 513—514,
1007 2381 1264 2444 Dareus
1311 2382 1592 2464 denique
1636 2405 1696 2446 v.
1749 2381 1901 2460 716,
1950 2393 2325 2460 730—732,
2376 2377 2551 2460 741).

558 2496 876 2566 Attamen
923 2495 1066 2573 aliis
1115 2496 1274 2559 locis
1325 2496 1585 2561 Xerxes
1631 2498 1773 2579 ipse
1818 2504 2048 2561 auctor
2092 2493 2473 2559 calamitatis
2496 2492 2716 2575 appel-

471 2608 655 2676 latur.
704 2610 790 2673 V.
839 2623 967 2691 733
1019 2631 1074 2675 e.
1125 2631 1220 2693 gr.
1273 2611 1532 2675 Dareus
1581 2610 1771 2675 dicit:

663 2720 810 2786 ἀλλ’
854 2723 1015 2785 ὅταν
1063 2721 1306 2809 σπεύδῃ
1355 2748 1453 2797 τις
1500 2722 1714 2803 αὐτὸς,
1764 2723 1852 2807 χώ
1898 2723 2049 2796 θεὸς
2095 2724 2522 2785 συνάπτεται.
2586 2732 2591 2737 “

559 2839 723 2902 Item
771 2839 1050 2915 XerxeS,
1096 2841 1400 2923 quamvis
1444 2849 1586 2905 toto
1635 2839 1765 2903 hoc
1810 2847 2036 2902 contra
2082 2836 2369 2900 Graecos
2418 2834 2594 2897 bello
2644 2834 2726 2896 sit

472 2950 852 3036 θεοβλαβής,
924 2953 1274 3035 impietatis
1343 2954 1656 3015 adversus
1720 2952 1901 3029 deOS,
1950 2950 2265 3032 imprimis
2312 2949 2723 3030 Neptunum,

473 3074 838 3141 accusatur,
910 3066 1090 3147 quod
1161 3074 1347 3127 extra
1408 3064 1566 3128 fines
1614 3065 1796 3147 quasi
1845 3062 2169 3125 naturales
2217 3060 2468 3142 imperii
2518 3080 2556 3120 a
2604 3059 2725 3121 diis

476 3179 864 3240 constitutos
912 3177 1136 3258 egredi
1184 3176 1466 3239 voluerit
1510 3176 1688 3241 PerS.
1735 3190 2122 3254 740—741:

722 3290 965 3370 θνητὸς
1013 3288 1101 3351 ὡν
1151 3289 1325 3349 θεῶν
1374 3285 1438 3351 δὲ
1484 3291 1757 3349 πάντων
1804 3288 1970 3370 ᾤετ’,
2017 3288 2131 3348 οὐκ
2179 3282 2477 3369 εὐβουλίᾳ

718 3403 825 3463 καὶ
873 3399 1281 3474 Ποσειδῶνος
1327 3406 1684 3483 κρατήσειν.

561 3516 694 3581 Sed
741 3518 960 3581 statim
1007 3518 1316 3601 sequitur·
1347 3539 1412 3582 ν.
1460 3530 1852 3597 741—742:

1301 3632 1440 3703 πῶς
1485 3626 1632 3691 τάδ’
1677 3627 1751 3690 οὐ
1798 3631 1977 3701 νόσος
2022 3628 2272 3709 φρενῶν

962 3740 1089 3826 εἶχε
1139 3741 1325 3805 παῖδ’
1373 3744 1556 3824 ἐμόνς

474 3877 641 3939 quae
688 3856 885 3920 verba
934 3878 1065 3920 non
1111 3879 1150 3921 a
1198 3858 1418 3920 Dareo
1467 3857 1792 3934 dicuntur,
1841 3863 1911 3919 ut
1942 3856 2206 3919 Platner
2225 3855 2366 3919 vult
2401 3856 2480 3940 1),
2514 3855 2726 3930 „ohne

477 3969 628 4032 dass
674 3968 864 4033 dabei
910 3971 1089 4033 einer
1135 3969 1496 4053 gottlichen
1547 3968 1981 4051 Einwirkung
2006 3968 2291 4051 gedacht
2317 3967 2545 4046 wird’',
2575 3990 2725 4032 nam

485 4084 746 4147 Dareus
792 4085 1120 4149 exclamat
1165 4108 1228 4150 v.
1277 4085 1450 4165 716:
1505 4101 1541 4148 2

610 4199 748 4275 φεῦ,
794 4196 990 4276 μέγας
1036 4221 1137 4270 τις
1182 4191 1345 4277 ἦλθε
1398 4194 1667 4276 δαίμων,
1717 4195 1879 4259 ὥστε
1926 4199 2010 4276 μὴ
2057 4202 2310 4278 φρονεῖν
2360 4192 2590 4267 καλῶς.

547 4359 594 4427 1)
629 4361 796 4411 Ueber
845 4360 926 4409 die
965 4360 1086 4409 Idee
1117 4359 1207 4409 der
1242 4360 1620 4425 Gerechtigkeit
1654 4360 1706 4407 in
1742 4359 2019 4422 Aeschylus
2056 4359 2158 4406 und
2198 4358 2490 4422 Sophocles,
2526 4374 2579 4421 p.
2613 4357 2692 4419 63.

545 4451 597 4519 2)
630 4452 735 4504 Cfr.
769 4452 908 4501 locos
943 4468 1093 4518 supra
1127 4453 1372 4502 laudatos
