3442 4975
1727 392 1816 456 60

745 582 997 647 Omnes
1080 579 1365 663 reliquos
1448 579 1632 642 locos
1714 599 1806 642 ex
1892 576 2346 643 Eumenidibus
2409 588 2481 643 et
2545 578 2909 643 Prometheo

654 698 944 782 percurri
993 716 1124 759 non
1170 714 1432 758 necesse
1478 693 1759 773 videtur,
1807 714 1961 758 cum
2008 692 2227 757 nullus
2273 713 2505 757 eorum
2551 693 2906 777 quicquam

657 813 810 878 novi
878 810 1119 875 afferat.
1213 808 1663 890 Quamobrem
1732 807 2019 871 sufficiat·
2066 826 2181 871 eos
2249 796 2656 872 enumerari:
2715 807 2900 873 Eum.

659 938 822 1005 215:
870 928 1161 1006 μόρσιμος
1209 926 1400 1001 εὐνῆς
1445 944 1507 987 v.
1531 936 1699 1001 472:
1750 905 1946 981 αὗται
1980 921 2082 1005 (αἱ
2107 925 2401 1003 Ἐρινύες
2425 921 2591 1000 scil.)
2615 918 2672 981 δ’
2697 918 2906 1003 ἔχουσι

658 1044 888 1121 μοῖραν
958 1037 1071 1099 οὐκ
1133 1030 1530 1116 εὐπέμπελον
1547 1059 1571 1111 ,·
1629 1054 1693 1097 v.
1752 1050 2221 1099 1021—1022:
2275 1034 2435 1107 Ζεύς
2482 1037 2520 1097 ό
2562 1038 2909 1108 πανόπτας

655 1150 824 1215 οὕτω
897 1154 1122 1233 Μοῖρά
1182 1172 1250 1213 τε
1315 1144 1679 1233 συγκατέβα
1731 1150 1916 1233 (Ζεύς
1960 1152 2188 1231 Μοῖρά
2237 1173 2304 1212 τε
2353 1152 2611 1233 poetice
2658 1152 2907 1214 dictum

653 1277 754 1332 est
797 1268 1104 1350 idemque
1151 1264 1473 1348 significat
1518 1264 1698 1347 quod
1746 1262 1902 1335 Διὸς
1947 1263 2051 1327 vel
2090 1265 2327 1326 Διόθεν
2357 1270 2545 1347 μοῖρα
2574 1266 2658 1349 (ν.
2682 1286 2748 1349 p.
2776 1265 2907 1350 30).

654 1419 742 1431 ——
803 1382 1016 1447 Prom.
1088 1392 1466 1461 103——1052
1537 1382 1655 1459 τὴν
1704 1376 2129 1461 πεπρωμένην
2179 1375 2402 1462 ‹li-1957
2453 1370 2644 1440 αἶσαν
2692 1376 2904 1459 φέρειν

655 1496 740 1569 ὥς
783 1496 1010 1577 ῥᾷστα,
1056 1497 1482 1574 γιγνώσκονθ’
1525 1495 1626 1556 ὅτι
1676 1499 1791 1572 τῆς
1837 1492 2120 1575 ἀνάγκης
2164 1492 2296 1556 ἔστ’
2324 1491 2629 1575 ἀδήριτον
2655 1491 2907 1569 σθένο;,·

656 1631 716 1678 v.
790 1609 1176 1693 295—296:
1269 1608 1457 1691 χωρίς
1541 1631 1609 1669 τε
1697 1605 1919 1685 γένους
1998 1605 2111 1669 οὐκ
2194 1605 2371 1669 ἔστιν
2450 1607 2577 1690 ὅτῳ
2646 1605 2907 1687 μείζονα

654 1730 884 1806 μοῖραν
931 1722 1212 1803 νείμαιμ’
1257 1726 1300 1802 ἤ
1343 1722 1441 1783 σοι’
1490 1721 1614 1802 (his
1658 1722 1879 1786 verbis
1917 1719 2227 1786 Oceanus
2265 1720 2616 1804 alloquitur
2640 1720 2905 1784 Prome-

652 1839 945 1922 theum);
993 1861 1055 1903 v.
1099 1837 1269 1917 630:
1317 1840 1546 1917 μοῖραν
1594 1831 2153 1916 ήδονῆςς ν.692;
2207 1830 2281 1895 ἰὼ
2332 1831 2405 1895 ἰὼ
2452 1839 2637 1915 μοῖρα
2682 1840 2869 1915 μοῖρα
2883 1858 2906 1911 ,·

657 1976 716 2019 ν.
764 1966 930 2033 750:
981 1996 1040 2013 ..
1069 1950 1242 2011 ἐστιν
1291 1950 1362 2013 οὐ
1413 1946 1875 2031 πεπρωμένον;
1922 1949 2088 2031 813:
2137 1946 2497 2030 πέπρωται.

743 2065 1073 2130 Omnibus
1121 2066 1323 2147 igitur
1368 2065 1450 2128 de
1496 2064 1628 2128 sato
1676 2063 1842 2127 locis
1885 2064 2293 2147 pertractatis
2334 2071 2553 2141 restat,
2581 2070 2657 2126 ut
2677 2064 2905 2146 paucis

653 2180 868 2245 verbis
935 2178 1508 2262 comprehendam,
1580 2198 1750 2261 quae
1817 2178 1895 2240 iis
1964 2178 2121 2240 locis
2181 2178 2266 2240 de
2324 2177 2457 2240 sato
2504 2175 2741 2240 inveni.
2831 2177 2905 2239 In

654 2296 962 2358 omnibus
1073 2293 1392 2377 Aeschyli
1506 2292 1765 2370 fabulis,
1878 2294 2172 2375 exceptis
2284 2290 2733 2355 Eumenidibus
2840 2299 2907 2355 et

653 2408 1039 2484 Promethea,
1110 2411 1270 2482 Ζεύς
1339 2427 1640 2471 summus
1701 2408 1865 2470 deus
1924 2414 2039 2486 est,
2090 2427 2304 2490 neque
2351 2406 2676 2470 invenitur
2723 2407 2906 2490 quic-

653 2545 875 2608 quam,
967 2524 1147 2607 quod
1232 2523 1440 2587 fatum
1531 2522 1725 2586 deam
1807 2523 2134 2606 appellare
2215 2531 2331 2586 aut
2408 2541 2605 2604 supra
2676 2521 2903 2585 Iovem

653 2658 899 2722 ponere
944 2657 1064 2700 nos
1109 2645 1325 2719 cogat.

740 2752 812 2814 In
880 2749 1328 2830 Eumenidibus
1393 2758 1614 2813 tamen
1675 2758 1742 2813 et
1801 2746 2170 2812 Prometheo
2223 2752 2472 2829 Μοῖραι
2520 2756 2676 2813 sunt
2722 2748 2905 2825 deae,

653 2872 718 2928 et
785 2864 1056 2926 eaedem
1124 2861 1413 2946 quidem,
1483 2882 1652 2946 quae
1721 2861 1971 2945 ubique
2041 2863 2107 2925 in
2182 2861 2431 2947 mythis
2500 2861 2904 2925 Graecorum

654 2978 846 3041 nobis
894 2983 1294 3041 occurrunt.'
1580 2959 1584 2964 ’

739 3094 814 3156 In
882 3091 1332 3156 Eumenidibus
1397 3111 1554 3156 vero
1622 3111 1949 3174 nusquam
2017 3112 2215 3174 supra
2272 3092 2499 3154 Iovem
2546 3098 2904 3174 ponuntur,

652 3215 717 3270 et
776 3227 858 3269 eo
918 3208 1062 3289 ipso
1131 3206 1302 3282 loc0,
1372 3226 1508 3289 quo
1576 3225 1834 3269 summa
1894 3205 2088 3269 laude
2156 3226 2195 3269 a
2265 3205 2444 3268 Diris
2512 3204 2901 3282 afficiuntur,

651 3319 943 3383 versibus
1011 3317 1370 3401 940—946
1439 3319 1585 3383 dico
1655 3323 1740 3398 (v.
1807 3340 1875 3401 p.
1952 3318 2080 3401 51),
2152 3318 2313 3382 nihil
2383 3327 2502 3396 est,
2552 3318 2733 3401 quod
2781 3338 2900 3381 nos

652 3433 983 3514 impediat,
1041 3433 1396 3514 quominus
1444 3452 1554 3496 eas
1601 3453 1686 3494 ex
1735 3429 2261 3512 προσωποποιίας
2309 3453 2429 3496 usu
2479 3429 2901 3516 explicemuS,

651 3567 805 3609 cum
872 3545 1102 3608 eadem
1173 3545 1375 3609 verba
1442 3567 1500 3611 e.
1571 3567 1671 3628 gr.
1744 3546 1827 3609 de
1890 3543 2056 3630 Δίκῃ
2120 3547 2248 3610 dici
2295 3548 2567 3630 possint,
2614 3567 2904 3630 cumque

649 3664 829 3743 ipsae
896 3660 1197 3742 ErinyeS,
1272 3680 1441 3743 quae
1500 3679 1579 3722 ea
1649 3662 2093 3742 pronuntiant,
2164 3682 2465 3745 quaeque
2532 3683 2649 3744 per
2692 3670 2901 3725 totam

633 3771 1080 3856 ‘tragoediam,
1195 3775 1301 3836 cui
1414 3794 1638 3837 earum
1753 3795 1994 3838 nomen
2108 3776 2498 3854 inscribitur,
2544 3785 2901 3859 *tanquam

649 3907 844 3952 verae
892 3887 1053 3949 deae
1097 3894 1476 3966 tractantur,
1525 3887 1680 3951 nihil
1743 3889 1866 3952 nisi
1911 3889 2288 3955 vehiculum
2334 3892 2479 3969 sint,
2526 3912 2661 3974 quo
2707 3899 2904 3974 poi-ita

649 4003 733 4066 ad
803 4023 954 4066 suas
1028 4002 1457 4084 cogitationes
1525 4002 1898 4084 prodendas
1968 4005 2187 4068 utitur.
2283 4004 2476 4087 Quae
2552 4005 2636 4068 de
2720 4005 2901 4069 Diris

647 4291 713 4340 ab
763 4290 860 4338 diis
907 4289 1157 4355 accepisse
1209 4290 1384 4340 dicunt
1417 4296 1466 4340 et
1500 4306 1582 4342 w.
1615 4301 1882 4356 349—353
1917 4307 1971 4340 se
2002 4290 2056 4341 id
2092 4283 2269 4340 munus
2295 4292 2509 4343 libenter
2544 4293 2813 4359 accepisse,
2848 4300 2901 4344 ut

647 4383 826 4431 Iovem
879 4398 942 4431 eo
989 4381 1277 4433 liberarent.
1324 4383 1504 4446 Itaque
1552 4382 1705 4432 etiam
1739 4398 1789 4433 v,
1822 4395 1923 4447 329
1956 4382 2138 4452 Μοῖρα
2185 4381 2375 4434 videtur
2409 4384 2613 4434 deorum
2648 4384 2731 4434 vel
2764 4385 2903 4434 Iovis

646 4472 804 4524 fatum
839 4489 964 4528 esse.
