3442 4975
1646 354 1725 418 23

643 530 785 591 Iam
858 526 1320 609 intellegimuS,
1392 524 1550 607 quid
1622 525 1743 587 sibi
1815 527 1972 590 velit
2039 527 2199 591 illud
2271 530 2471 611 patris
2544 549 2807 592 nomen.

557 644 717 713 Ζεύς
804 646 948 703 est
1025 648 1211 722 pater
1279 639 1588 716 deorum,
1660 640 1777 702 sed
1848 641 2085 703 eodem
2153 641 2287 704 sere
2358 642 2601 720 mod0,
2673 664 2809 725 quo

559 755 744 819 Deus
824 758 890 818 in
975 754 1192 820 Sacris
1262 753 1479 817 Libris
1551 756 1763 834 πατὴρ
1837 754 1967 814 τῶν
2037 758 2268 834 φώτων
2326 756 2387 840 1)
2459 765 2524 819 et
2593 759 2806 837 πατὴρ

557 875 826 932 πάντων
857 871 923 954 2)
949 872 1316 954 appellatur
1339 879 1405 933 et
1428 868 1701 933 Satanas
1725 875 1907 951 pater
1930 870 2248 933 mendacii
2276 871 2528 934 dicitur.
2558 871 2621 954 3)
2648 873 2808 943 Ζεύς

555 994 654 1048 est
700 1006 897 1048 causa
951 986 1087 1047 sive
1131 994 1508 1067 procreator
1554 994 1619 1048 et
1665 994 2088 1049 conservator
2133 986 2430 1047 omnium
2479 1005 2695 1047 rerum
2742 994 2808 1047 et

555 1100 918 1176 notionum,
965 1098 1046 1160 de
1075 1099 1313 1181 quibus
1357 1106 1592 1180 poetae
1641 1096 1873 1161 Graeci
1921 1099 2073 1162 inde
2118 1100 2201 1162 ab
2254 1100 2554 1163 Homero
2607 1108 2677 1162 ut
2725 1101 2806 1162 de
2902 1094 2907 1099 ’

556 1213 677 1275 diis
724 1214 1117 1276 cecinerunt.
1191 1211 1391 1293 Quod
1439 1233 1843 1296 quamquam
1888 1228 2023 1276 non
2070 1213 2284 1275 minus
2331 1213 2414 1275 ab
2461 1211 2805 1295 Aeschylo

553 1346 751 1410 quam
820 1325 902 1388 ab
970 1326 1444 1407 antiquioribus
1491 1326 1700 1409 po‘e‘tis
1747 1326 1993 1389 factum
2041 1335 2157 1405 est,
2205 1335 2426 1390 tamen
2473 1347 2593 1389 nos
2638 1326 2805 1390 arbi-

553 1449 804 1504 tramur
859 1460 1031 1517 eum,
1094 1440 1273 1521 quod
1321 1441 1461 1507 eius
1508 1448 1646 1503 erat
1692 1440 2051 1521 ingenium,
2105 1462 2237 1504 non
2283 1440 2553 1523 fugisse,
2602 1462 2807 1523 quan-

552 1562 780 1636 topere
849 1555 1151 1618 maiestas
1221 1554 1396 1617 Iovis
1441 1563 1812 1636 augeretur,
1867 1574 2203 1637 quamque
2246 1574 2478 1636 parum
2525 1553 2804 1631 abesset,

558 1669 718 1751 quin
765 1668 996 1750 reliqui
1044 1669 1131 1729 dii
1180 1668 1262 1731 ad
1311 1687 1522 1731 meras
1570 1688 1673 1731 res
1706 1677 1908 1751 atque
1935 1666 2237 1731 notiones
2263 1668 2804 1751 deprimerentur,

553 1784 606 1845 Si
647 1780 864 1863 ’Ἀρη;,
910 1778 1269 1863 Ἀφροδίτη,
1310 1779 1570 1853 (Ἠλιοξ
1604 1781 1784 1862 dim),
1825 1785 2140 1861 Ἐρινύες,
2168 1785 2440 1863 Μοῖραι,
2465 1783 2572 1845 alii
2603 1783 2803 1845 modo

552 1897 733 1972 deos,
805 1897 1004 1959 modo
1052 1918 1133 1960 ne
1178 1914 1492 1977 personas
1539 1896 1835 1978 quidem,
1883 1896 2001 1959 sed
2050 1916 2151 1959 res
2198 1905 2454 1959 tantum
2506 1904 2568 1959 et
2618 1895 2801 1959 ideas

554 2010 1010 2093 significarent.

639 2238 807 2302 Tam
889 2240 1151 2321 penitus
1237 2239 1302 2299 in
1391 2236 1797 2301 Graecorum
1880 2238 2114 2300 animis
2195 2235 2506 2300 haerebat
2574 2238 2801 2300 Iovem

552 2374 888 2423 summum
959 2353 1178 2429 deum,
1251 2352 1450 2414 deum
1520 2353 1665 2409 κατ’
1737 2347 1956 2430 ἐξοχὴν
2027 2369 2188 2425 esse,
2258 2359 2329 2413 ut
2397 2371 2551 2413 eum
2598 2352 2800 2414 etiam

523 2489 832 2551 ·regem
879 2466 1298 2550 appellarent,
1348 2484 1482 2548 quo
1527 2484 1642 2530 eos
1689 2462 1871 2540 de05,
1921 2464 2032 2547 qui
2080 2463 2253 2527 Iovis
2299 2464 2577 2546 patriam
2620 2472 2805 2547 pote-

551 2592 784 2646 statem
833 2582 1223 2663 effugerent,
1278 2579 1705 2643 nihilominus
1766 2580 1907 2641 eius
1954 2579 2260 2660 potestati
2311 2579 2803 2662 subiungerent.

550 2699 857 2774 Nomina,
951 2717 1122 2779 quae
1197 2694 1366 2758 hanc
1437 2692 1613 2758 Iovis
1683 2694 2068 2775 dignitatem
2139 2694 2315 2776 apud
2384 2693 2800 2775 Aeschylum

551 2812 934 2894 significant,
1005 2818 1156 2873 sunt
1200 2808 1396 2872 haec:
1461 2803 1762 2892 βασιλεύ,-
1806 2806 1897 2887 4),
1946 2804 2112 2878 ἄναξ
2158 2805 2459 2870 ἀνάκτων
2514 2806 2597 2890 5).
2688 2806 2801 2869 Ab

549 2929 690 3009 ipso
739 2924 1150 2998 PrometheO,
1199 2925 1303 2985 cui
1354 2919 1666 2998 ,,ὲ’λασσον
1713 2921 1919 2998 Ζηνὸς
1965 2923 2007 2999 ἠ·
2048 2916 2246 3000 μηδὲν
2293 2916 2511 2999 μέλει”
2560 2920 2797 3004 (From.

549 3047 723 3123 937),
791 3041 950 3110 Ζεύς
1018 3037 1382 3120 appellatur
1449 3037 1486 3096 ό
1552 3033 1688 3106 νέος
1761 3035 1950 3110 ταγὸς
1996 3037 2299 3113 μακάρων
2346 3033 2434 3116 6),
2485 3039 2802 3111 πρύτανις

547 3157 848 3235 μακάρων
900 3153 988 3236 7),
1035 3154 1072 3212 ό
1138 3153 1268 3212 τῶν
1341 3153 1516 3210 θεῶν
1587 3153 1903 3229 τύραννος
1950 3147 2036 3228 8),
2095 3147 2206 3228 qui
2254 3146 2336 3207 ad
2388 3167 2583 3208 suum
2631 3146 2801 3208 arbi-

547 3271 742 3332 trium
791 3275 1021 3348 regnat
1065 3265 1423 3328 secundum
1472 3282 1678 3324 novas
1730 3261 1906 3344 leges
1955 3261 2193 3343 (From.
2254 3259 2441 3342 151):

813 3384 1095 3461 νεοχμοῖς
1141 3375 1204 3440 δὲ
1251 3375 1324 3457 δὴ
1377 3380 1587 3456 νόμοις
1631 3376 1790 3444 Ζεύς
1838 3371 2094 3445 ἀθέτως
2143 3377 2467 3453 κρατύνει,

546 3611 678 3669 ὅμως
733 3609 786 3656 δ’
840 3609 1052 3676 ἀνάγκη
1104 3609 1281 3675 Ζηνὸς
1317 3605 1609 3654 αἰδεῖσθαι
1646 3603 1795 3653 κότον
1830 3604 2058 3671 ἱκτῆρος·
2097 3606 2315 3662 ὕψιστος
2352 3603 2456 3669 γὰρ
2492 3603 2550 3651 ἓν
2586 3604 2801 3668 βροτοῖς

548 3702 728 3761 φόβος.

619 3798 664 3855 1)
734 3793 896 3858 Epist.
927 3793 1104 3857 Jacob.
1143 3793 1186 3855 Ι,
1226 3805 1300 3856 17.

614 3886 664 3951 2)
731 3886 815 3934 Ad
850 3886 1037 3950 EpheS.
1072 3885 1165 3946 IV,
1200 3885 1247 3934 6.

613 3979 664 4044 3)
729 3977 926 4042 Euang.
959 3977 1074 4041 Joh.
1113 3977 1262 4036 VIII,
1295 3989 1378 4036 44.

611 4070 664 4136 4)
730 4071 913 4134 Agam.
951 4082 1071 4132 3423
1106 4069 1278 4133 Suppl.
1318 4068 1430 4117 286.

612 4159 664 4227 5)
733 4160 915 4224 Suppl.
958 4170 1073 4224 507.

613 4251 664 4319 6)
735 4253 912 4304 Prom.
945 4250 1026 4316 96.

611 4344 661 4411 7)
727 4345 900 4394 From.
942 4355 1052 4406 171.

612 4438 664 4504 8)
729 4437 794 4484 In
827 4435 1002 4486 Prom.
1037 4433 1238 4498 passim.
1645 4449 1661 4479 ι
