3442 4975
1597 406 1684 475 47

459 582 470 606 ¹
521 578 789 642 dicatur.
881 578 1217 643 Sententia
1287 581 1462 644 enim
1523 579 1887 643 admodum
1949 579 2228 644 obscura
2287 589 2403 644 est.
2498 581 2772 664 Legitur

519 715 626 757 vv.
677 694 891 775 298—-
900 710 1066 774 300:

1057 803 1201 869 ἀλλ’
1249 797 1298 867 ὦ
1343 804 1613 888 μεγάλαι
1663 809 1914 889 Μοῖραι
1967 808 2212 868 Διόθεν
2300 878 2306 885 .

1057 918 1204 1005 τῇδε
1254 918 1586 1000 τελευτᾶν,

1060 1024 1100 1119 ᾗ
1146 1036 1219 1097 τό
1266 1033 1513 1098 δίκαιον
1559 1027 1955 1121 μεταβαίνειζ

526 1150 906 1216 Obscuritas
976 1151 1126 1214 inde
1195 1152 1421 1230 oritur,
1485 1151 1668 1234 quod
1725 1170 1857 1213 non
1902 1150 2325 1232 perspicuum
2373 1158 2489 1229 est,
2553 1160 2769 1215 utrum

523 1286 786 1330 comma
830 1274 980 1329 ante
1029 1266 1274 1326 Διόθεν
1323 1286 1406 1329 an
1451 1274 1603 1348 post
1649 1264 1781 1328 hoc
1828 1263 2224 1328 vocabulum
2247 1264 2626 1346 ponendum
2667 1267 2769 1344 sit,

522 1401 720 1463 porro
788 1402 875 1444 ex
936 1401 1040 1459 e0,
1090 1380 1272 1463 quod
1319 1379 1700 1463 Aeschylus
1750 1388 1905 1443 noto
1956 1401 2078 1442 usu
2125 1379 2400 1443 verbum
2448 1380 2630 1463 quod
2676 1389 2773 1445 est

525 1492 835 1557 τελευτᾶν
905 1495 1106 1559 modo
1175 1495 1524 1572 transitive,
1599 1494 1801 1557 modo
1872 1493 2270 1556 intransitive
2343 1492 2636 1557 adhibuit
2690 1495 2772 1579 1),

523 1610 742 1692 itaque
787 1608 893 1673 alii
939 1610 1058 1673 viri
1098 1610 1272 1673 docti
1320 1608 1508 1685 hane,
1545 1609 1653 1671 alii
1679 1608 1857 1671 illam
1883 1607 2421 1690 significationem
2447 1607 2600 1671 huic
2622 1608 2771 1671 loco

523 1724 952 1786 vindicarunt.
1046 1723 1114 1787 Si
1184 1725 1569 1787 sententiam
1637 1732 1791 1805 post
1861 1724 2108 1804 Μοῖραι
2178 1722 2519 1786 incidimus
2566 1722 2771 1807 (quod

524 1837 728 1920 vulgo
788 1837 1077 1921 faciunt),
1144 1838 1390 1898 Διόθεν
1437 1838 1717 1920 pertinet
1762 1836 1847 1899 ad
1895 1832 2227 1915 τελευτᾶν,
2273 1858 2408 1920 quo
2456 1838 2773 1900 sententia

526 1951 595 2015 fit
659 1951 850 2016 haec:
921 1951 1020 2015 At
1088 1973 1129 2015 o
1199 1971 1477 2034 magnae
1548 1952 1808 2029 Parcae,
1877 1950 2035 2013 Iove
2102 1958 2369 2013 auctore
2426 1970 2527 2014 res
2574 1950 2771 2015 talem

526 2066 779 2128 exitum
826 2064 1085 2142 habeat,
1133 2085 1423 2149 quocum
1472 2067 1710 2129 iustitia
1758 2064 2110 2147 congruat!

615 2181 817 2245 Simili
888 2182 1089 2245 modo
1151 2180 1495 2245 Wecklein
1557 2182 2032 2262 interpretatur,
2082 2181 2193 2262 qui
2240 2180 2337 2242 vir
2381 2179 2773 2245 clarissimus

526 2297 723 2377 igitur
771 2296 1013 2357 Διόθεν
1061 2317 1213 2359 cum
1261 2280 1570 2357 τελευτᾶν
1619 2295 1957 2377 coniungit
2004 2301 2068 2357 et
2115 2292 2243 2356 hoc
2278 2294 2553 2357 verbum
2578 2316 2770 2359 sensu

527 2412 930 2475 intransitivo
978 2410 1310 2494 intellegit.
1362 2411 1582 2476 Unum
1629 2430 1784 2472 sane
1832 2410 1883 2470 si
1931 2408 2329 2486 conceditur,
2378 2407 2505 2471 hoc
2529 2408 2776 2492 flagitat.

526 2527 822 2604 alterum,
893 2548 1093 2611 quam
1163 2527 1250 2590 ob
1311 2548 1449 2590 rem
1497 2527 1710 2588 minus
1757 2520 2037 2608 probare
2082 2543 2356 2606 possum
2402 2525 2774 2607 interpreta-

525 2644 771 2707 tionem
842 2640 1359 2725 Naegelsbachii,
1431 2661 1602 2724 quae
1667 2639 1908 2723 legitur
1976 2640 2040 2700 in
2101 2657 2318 2720 opere,
2382 2639 2485 2701 cui
2545 2638 2773 2701 titulus

528 2755 1188 2820 Nach-Homerische
1255 2754 1641 2836 Theologie,
1712 2774 1777 2836 p.
1848 2765 2005 2832 150:
2056 2753 2193 2828 „sie
2240 2752 2516 2835 (Μοῖραι
2586 2752 2773 2837 scil.),

527 2869 901 2934 erscheinen
970 2871 1033 2932 in
1104 2871 1230 2932 den
1300 2867 1741 2950 Cho'ephoren
1816 2866 2129 2950 306(303)
2196 2866 2295 2929 als
2358 2865 2774 2948 Werkzeuge

530 2985 643 3048 des
748 2985 940 3061 ZeuS,
1045 2982 1146 3046 die
1234 2983 1351 3045 den
1441 2981 1855 3045 Rathschluss
1942 2980 2251 3043 desselben
2341 2980 2773 3066 auszusalcren

529 3099 785 3174 berufen
849 3098 1034 3162 sind:
1101 3096 1418 3181 (sequitur
1486 3105 1661 3160 totus
1731 3095 1961 3177 locus).
2027 3094 2222 3156 Denn
2270 3094 2439 3157 Zeus
2486 3096 2568 3157 ist
2613 3115 2774 3158 nun·

530 3212 714 3276 mehr
805 3209 1248 3292 ΠΙοιραγέτης,
1342 3211 1602 3273 Lenker
1684 3210 1849 3272 und.
1889 3207 2139 3270 Ffihrer
2208 3209 2323 3270 des
2392 3207 2773 3285 GeschickS,

530 3327 719 3390 Paus,
797 3341 854 3406 5,
934 3343 1032 3408 15,
1078 3346 1150 3405 43
1203 3328 1263 3401 8,
1316 3341 1420 3406 37,
1479 3343 1550 3402 13
1612 3340 1708 3401 10,
1760 3339 1864 3401 24,
1912 3319 2019 3401 4”.
2114 3322 2269 3385 Non
2316 3330 2533 3404 potest
2577 3322 2775 3403 igitur

532 3439 1035 3524 Naegelsbachii
1104 3441 1316 3503 versio
1386 3458 1516 3502 non
1579 3437 1743 3501 haec
1812 3458 1987 3500 esse:
2061 3433 2123 3498 O
2187 3457 2466 3519 magnae
2513 3436 2772 3514 Parcae,

531 3556 680 3618 love
745 3565 995 3618 auctore
1067 3555 1129 3637 2)
1201 3574 1338 3616 rem
1407 3575 1484 3616 ea
1540 3554 1642 3618 via
1687 3554 1773 3617 ad
1820 3552 2015 3615 finem
2049 3551 2395 3632 perducite,
2444 3572 2575 3635 qua
2622 3571 2773 3614 cum

530 3671 769 3734 iustitia
839 3677 1178 3752 congruat.
1247 3667 1433 3750 Quae
1501 3670 1817 3732 sententia
1884 3686 2149 3749 prorsus
2197 3667 2414 3748 inepta
2454 3675 2575 3743 est,
2624 3667 2776 3748 quia

532 3806 662 3848 non
734 3805 1133 3870 quemquam
1204 3783 1359 3868 quid
1431 3783 1651 3846 iubere
1718 3757 1825 3846 vel
1871 3783 1954 3846 ab
2000 3801 2081 3843 eo
2126 3789 2346 3863 petere
2396 3799 2773 3862 possumuS,

531 3899 709 3983 quod
757 3920 844 3962 ex
889 3897 1150 3963 alterius
1195 3897 1460 3962 arbitrio
1504 3897 1786 3979 pendeat
1835 3904 1918 3985 3).

603 4125 649 4190 1)
683 4125 966 4174 Transitive
997 4126 1178 4190 Agam.
1214 4125 1342 4188 8933
1376 4125 1580 4173 intrans.
1613 4123 1796 4186 Agam.
1832 4123 1947 4185 613,
1984 4120 2165 4184 Suppl.
2202 4132 2315 4180 201,
2348 4118 2547 4183 passim.

599 4215 650 4283 2)
720 4217 803 4266 Sic
839 4217 1191 4283 Naegelsbach
1225 4218 1332 4281 ipse
1366 4216 1400 4264 1.
1436 4216 1471 4264 1.
1505 4215 1716 4264 Διόθεν
1752 4213 1911 4262 vertit.

599 4307 650 4372 3)
718 4309 1175 4374 Naegelsbachium
1209 4309 1473 4358 τελευτᾶν
1507 4323 1656 4357 sensu
1688 4306 1950 4355 transitivo
1986 4319 2179 4353 sumere
2207 4319 2268 4351 ex
2294 4317 2355 4351 eo
2382 4307 2604 4366 apparet,
2622 4299 2775 4364 quod,

437 4418 482 4448 ο
531 4403 574 4451 si
625 4403 723 4451 hoc
783 4401 1042 4452 τελευτᾶν
1095 4402 1146 4451 in
1189 4401 1501 4466 perficiatur
1553 4405 1841 4462 verteretur,
1893 4413 1997 4445 non
2048 4401 2175 4445 esset
2225 4409 2389 4457 causa,
2442 4407 2527 4441 cur
2565 4389 2776 4457 Μοίρας

532 4493 800 4543 effectrices
851 4505 958 4543 esse
1009 4501 1311 4558 putaremus·
1367 4489 1562 4541 Eodem
1609 4491 1763 4540 modo
1812 4505 1910 4553 quo
1959 4485 2329 4554 Naegelsbach,
2369 4484 2608 4533 Blumner
2641 4481 2776 4530 hunc
