3442 4975
1617 388 1697 454 95

530 581 810 644 eamque
858 560 1141 662 appellet
1186 560 1426 644 (From.
1482 561 1915 643 544—546):·

1064 670 1505 755 ὀλιγοδρανίαν
1555 677 1785 738 ἄκικυν

1069 788 1389 869 ῖσὸνειρον,
1437 776 1484 871 ᾇ
1529 791 1601 849 τὸ
1648 791 1879 869 φωτῶν

807 969 810 974 ,
1005 925 1011 932 ·
1069 897 1269 965 ἀλαὸν
1313 898 1493 977 γένο,ι
1525 900 2095 984 ἐμπεποδισμένον.
2172 984 2177 990 ,

623 1011 772 1078 Sed.
850 1015 1300 1097 quaerendum
1393 1024 1510 1093 est,
1598 1017 1758 1099 quid
1837 1016 2215 1101 Aeschylus
2284 1018 2370 1082 de
2438 985 2780 1083 hominum

531 1128 775 1208 animis
839 1128 1202 1191 crediderit.
1271 1129 1484 1192 -Multi
1542 1129 1670 1192 loci
1718 1132 1782 1193 in
1828 1133 1967 1194 eius
2013 1132 2363 1218 tragoediis
2412 1141 2783 1226 occurrunt,

535 1241 646 1305 ubi
717 1242 801 1305 ab
871 1241 1328 1304 diversissimis
1396 1244 1697 1324 personis
1746 1244 1826 1307 de
1874 1245 2007 1308 vita
2052 1255 2206 1327 post
2252 1255 2534 1310 mortem
2583 1254 2655 1310 ut
2700 1245 2788 1308 de

535 1357 894 1420 certissima
962 1375 1032 1417 re
1100 1357 1337 1438 agitur.
1435 1356 1741 1438 Quorum
1796 1379 1969 1422 nunc
2016 1369 2147 1422 tres
2194 1368 2447 1423 tantum
2496 1380 2788 1423 comme-

537 1490 745 1545 mom,
794 1469 982 1532 Eum.
1031 1469 1168 1533 scil.
1217 1491 1278 1556 γ’.
1331 1470 1716 1554 269—271:

891 1581 1082 1662 μέγας
1127 1585 1247 1665 γὰρ
1288 1581 1508 1665 ςΑιδης
1555 1587 1725 1673 ἐστὶν
1776 1585 2336 1676 εὔθυνος-βροτῶν

897 1695 1115 1778 ἔνερθε
1167 1700 1416 1778 χθονός,
1519 1784 1532 1789 ν

663 1861 670 1869 .
892 1807 1300 1900 δελτογράφῳ
1349 1808 1415 1872 δὲ
1465 1809 1662 1875 πάντ’
1710 1813 1945 1893 ἐπωπᾷ
1994 1813 2185 1893 φρενί.

627 1926 714 1988 Et
759 1911 948 2002 Eum.
1004 1942 1385 2006 331—332:

1287 2121 1296 2131 ι
1740 2040 1966 2106 θανὼν
2015 2037 2072 2101 δ’

890 2149 1000 2211 οὐκ
1049 2155 1215 2228 ἄγαν
1265 2149 1404 2214 ἑλεῖ
1393 2157 1612 2234 ι’θερος.

625 2264 995 2346 Supplicum
1065 2266 1348 2348 denique
1416 2289 1523 2333 vv.
1578 2283 1950 2349 399-401,
2015 2267 2124 2331 ubi
2174 2268 2492 2350 Pelasgus
2543 2267 2781 2330 Danai·

536 2377 729 2441 dibus
776 2382 1154 2461 respondet.

897 2490 1188 2566 ἐκδόντὲς
1233 2497 1397 2575 υμᾶς
1446 2498 1554 2559 τὸν
1604 2491 2029 2577 πανώλεθρον
2082 2498 2235 2560 θεὸν

885 2609 1089 2692 βαρύν
1137 2606 1422 2681 ξύνοικον
1477 2604 1826 2689 θησόμεσθ’
1875 2606 2225 2691 ἀλάστορα,

892 2721 957 2792 ὃς
1002 2718 1140 2781 οὐδ’·
1180 2722 1244 2785 ἐν
1287 2719 1511 2783 (Ἀιδου
1563 2725 1671 2787 τὸν
1721 2724 1988 2817 θανόνζ’
2038 2704 2375 2804 ἐλεὺθεροῖ.

620 2833 925 2913 Accedit,
990 2837 1169 2917 quod
1235 2837 1539 2900 omnibus
1586 2838 1720 2900 sere
1770 2836 2038 2902 Graecis
2079 2836 2785 2903 immortalitasqanimi

535 2948 798 3011 minime
844 2949 1292 3015 addubitanda
1339 2972 1482 3013 esse
1530 2951 1895 3015 videbatur.
1932 2952 1988 3033 1)
2039 2952 2279 3014 Fateor
2326 2950 2595 3032 quidem
2624 2949 2783 3016 mihi

532 3050 1088 3128 immortalitatem
1158 3068 1352 3128 animi
1423 3075 1489 3128 et
1556 3067 1758 3129 vitam
1808 3066 2003 3128 animi
2054 3074 2208 3147 post
2254 3060 2537 3127 mortem
2584 3086 2780 3128 unam

533 3186 597 3239 et
662 3177 937 3241 eandem
1010 3199 1147 3241 rem
1194 3199 1361 3264 esse,
1433 3179 1548 3241 sed
1597 3179 1856 3242 duobus
1904 3177 2336 3260 significatam
2386 3179 2783 3241 nominibus,

535 3290 704 3372 Quis
773 3294 946 3358 enim
1017 3292 1424 3356 Graecorum
1498 3313 1792 3377 unquam
1866 3293 1947 3355 de
2017 3300 2227 3355 morte
2286 3301 2439 3374 post
2504 3302 2785 3358 mortem

533 3405 1054 3488 cogitaverit?2)
1107 3406 1336 3469 Homo
1386 3406 1607 3489 igitur,
1655 3406 1836 3490 quod
1885 3406 1968 3468 ad
2018 3426 2282 3487 corpuS,
2328 3414 2428 3468 est
2466 3405 2783 3484 mortalis„

529 3656 536 3663 -
606 3624 650 3691 1)
685 3626 802 3687 Οὐκ,
835 3625 1006 3675 Erwin
1055 3626 1266 3675 Rohde:
1314 3626 1522 3691 Psyche,
1558 3625 1981 3675 Seelencult.und
2016 3624 2661 3689 Unsterblichkeitsglaube
2695 3625 2786 3673 der

535 3716 798 3780 Griechen,
848 3718 1088 3783 Freiburg
1134 3718 1151 3766 i
1216 3718 1273 3767 B.
1317 3719 1460 3781 1890,
1495 3733 1544 3781 p.
1582 3730 1705 3781 271:
1756 3718 1898 3776 „Das
1932 3716 2176 3766 bewusste
2213 3714 2482 3766 Fortleben
2514 3716 2787 3765 der'Seele

533 3807 662 3856 nach
713 3809 846 3859 ihrer
895 3811 1172 3875 Trennung
1220 3827 1337 3859 vom
1391 3810 1550 3859 Leibe
1597 3810 1720 3859 wird
1776 3810 1884 3859 hier
1936 3810 1988 3872 (i.
2035 3826 2079 3860 e.
2128 3810 2182 3858 in
2217 3809 2459 3873 mysteriis
2495 3808 2788 3879 Eleusiniis)

533 3899 670 3949 nicht
704 3901 917 3967 gelehrt,
953 3903 1169 3951 sondern
1204 3908 1598 3967 vorausgesetzt;
1634 3918 1685 3951 es
1719 3902 1911 3951 konnte
1945 3908 2310 3966 vorausgesetzt
2332 3900 2553 3960 werden,
2572 3900 2637 3950 da
2654 3901 2784 3971 eben

531 3992 693 4045 dieser
729 3993 926 4043 Glaube
960 3994 1078 4044 dem
1116 3994 1390 4059 allgemein
1424 3994 1753 4043 verbreiteten
1791 3994 2075 4044 Seelencult
2108 4011 2168 4043 zu
2204 3995 2412 4045 Grunde
2445 3992 2579 4059 lag.’'

545 4086 646 4149 2)
699 4085 871 4141 Erwin
923 4085 1480 4144 Rohde,See1encu1t
1514 4086 1614 4134 und
1678 4085 2324 4151 Unsterblichkeitsglaube
2376 4085 2465 4137 der
2517 4085 2786 4147 Griechen,

531 4177 655 4226 dicit
688 4194 742 4241 p
781 4178 901 4240 189:
939 4178 1082 4237 „Das
1119 4178 1328 4227 Dunkel
1361 4178 1524 4227 dieser
1560 4177 2113 4242 Entwicklungszeiten
2148 4177 2370 4243 verbirgt
2406 4192 2499 4225 uns
2532 4176 2662 4225 auch
2697 4176 2788 4225 das

532 4268 754 4317 Werden
787 4269 889 4317 und
923 4270 1176 4319 Wachsen
1211 4270 1350 4319 eines
1385 4286 1484 4319 von
1519 4270 1636 4319 dem
1673 4269 2029 4318 homerischen
2064 4268 2356 4318 wesentlich
2391 4266 2783 4319 verschiedenen

533 4360 975 4427 Seelenglaubens.
1025 4362 1122 4410 Die
1159 4361 1459 4426 Ergebnisse
1497 4360 1584 4409 der
1619 4360 1984 4425 Entwicklung
2018 4361 2181 4426 liegen
2219 4375 2312 4408 uns
2346 4360 2457 4409 klar
2490 4376 2659 4424 genug
2692 4374 2782 4407 vor

533 4453 738 4517 Augen3
787 4453 890 4502 und
937 4454 1028 4502 wir
1073 4454 1276 4501 kbnnen
1319 4453 1450 4502 noch
1501 4452 1903 4512 unterscheiden,
1938 4452 2037 4501 wie
2071 4452 2154 4501 ein
2189 4450 2467 4517 geregelter
2503 4450 2788 4501 Seelencult
