3442 4975
1574 409 1695 476 129

504 583 936 664 videmusque
1006 580 1426 643 nihilominus
1497 581 1797 644 homines
1865 583 2069 645 multa
2130 583 2374 645 nefarie
2420 583 2591 647 facta
2638 584 2757 648 sibi

503 697 863 769 admittere,
937 717 1038 758 res
1109 715 1189 758 ex
1266 696 1543 758 Platneri
1607 706 1824 758 mente
1873 697 1961 759 ita
2012 696 2451 778 intellegenda
2498 701 2637 775 erit,
2688 709 2757 763 ut

503 811 727 872 omnia
797 808 958 872 haec
1029 811 1226 892 impie
1287 809 1455 872 facta
1516 809 1673 872 nihil
1738 811 1820 872 ad
1869 811 2157 872 divinam
2207 811 2755 892 gubernationem

502 925 888 1005 pertineant.
982 923 1113 986 Sed
1162 925 1272 1005 qui
1319 923 1656 1000 efficiatur,
1704 924 1964 1002 amabo,
2013 923 2141 986 hoc
2189 925 2390 988 modo
2439 926 2751 989 iustitiam

505 1038 786 1100 divinam
848 1039 1055 1118 magis
1118 1038 1434 1118 integram
1501 1037 1801 1114 evadere,
1850 1054 2049 1119 quam
2096 1038 2147 1099 si
2198 1038 2383 1100 Deus
2431 1037 2753 1114 homineS,

504 1152 698 1212 etiam
771 1151 880 1212 ubi
930 1150 1126 1232 impie
1171 1149 1416 1231 aliquid
1462 1159 1798 1233 peragant,
1847 1170 2072 1233 regere
2116 1157 2465 1232 putemus?
2563 1152 2750 1215 Deus

504 1266 678 1326 enim
751 1285 947 1326 omne
1016 1273 1363 1346 peccatum
1433 1264 1784 1347 prohibere
1842 1273 2115 1347 poterat,
2164 1266 2345 1347 quod
2393 1267 2444 1328 si
2492 1266 2751 1345 faceret,

502 1379 743 1440 iustitia
791 1378 1008 1440 divina
1050 1377 1322 1439 omnino
1370 1398 1501 1439 non
1550 1398 1714 1460 opus
1762 1387 1950 1441 esset.

589 1485 914 1568 Ἀλάστωρ
965 1491 1248 1573 denique
1294 1491 1429 1554 sive
1476 1493 1759 1554 daemon
1786 1491 1977 1570 ultor,
2028 1493 2139 1574 qui
2165 1493 2448 1574 pristinis
2475 1494 2749 1558 alicuius

501 1605 742 1666 domus
810 1602 1167 1666 sceleribus
1236 1625 1382 1666 eam
1452 1605 1583 1668 vim
1651 1606 1905 1682 incutit,
1976 1615 2048 1669 ut
2116 1607 2358 1688 posteri
2430 1628 2508 1670 ea
2554 1610 2741 1672 novis

503 1718 856 1781 sceleribus
904 1717 1321 1781 accumulent
1378 1718 1454 1801 1),
1505 1717 1806 1782 homines
1852 1719 1935 1782 ad
1985 1720 2281 1803 improba
2326 1719 2494 1784 facta
2523 1723 2747 1805 impel-

504 1831 633 1893 lere
679 1831 914 1894 dicitur
962 1832 1202 1911 Agam.
1261 1833 1734 1911 1462—1466:

1034 1945 1506 2025 φανταζόμενος
1553 1944 1618 2007 δὲ
1667 1948 1924 2025 γυναικὶ
1972 1953 2187 2029 νεκροῦ

1037 2056 1213 2121 τοῦδ’
1259 2060 1296 2120 ό
1341 2056 1616 2130 παλαιὸ,ἱ
1663 2057 1883 2140 δριμύς
1928 2057 2226 2141 ἀλάστωρ

1030 2169 1324 2252 ’Λτρέως
1370 2169 1652 2254 χαλεποῦ
1700 2178 2084 2255 θοινατῆρος

1034 2282 1204 2349 τόνδ’
1252 2285 1584 2347 ἀπέτεισεν

1042 2396 1253 2460 τέλεον
1304 2407 1544 2481 νεαροῒ,1
1571 2397 1927 2474 4ἐπιθύσας.

588 2512 808 2574 Verba
868 2514 1040 2574 enim
1103 2536 1270 2596 quae
1329 2525 1482 2579 sunt
1541 2499 2019 2595 φανταζόμενος
2075 2520 2331 2593 γυναικὶ
2376 2520 2743 2601 significant

503 2624 1044 2706 Clytaemestram
1079 2648 1275 2709 agere
1300 2626 1702 2711 Ἀλάστορος
1737 2631 2044 2713 impulsu.
2096 2631 2317 2713 Quam
2342 2629 2742 2713 Ἀλάστορο,ι

569 2822 614 2888 1)
646 2824 827 2887 Agant.
865 2824 1224 2889 1463—1465:

1306 2920 1333 2969 ὁ
1370 2921 1601 2980 παλαιὸς
1639 2923 1835 2990 δριμὺς
1873 2922 2119 2993 ἀλάστωρ

1165 3012 1402 3080 Ἀτρέως
1438 3014 1682 3080 χαλεποῦ
1726 3019 2055 3084 θοινατῆρος

1163 3106 1314 3155 τόνδ’
1353 3106 1655 3156 ἀπέτεισεν.

563 3194 740 3259 διᾳφί.
773 3195 1066 3258 398—400:

1029 3288 1154 3354 μήτ’
1192 3291 1250 3338 ἐν
1291 3291 1433 3342 θεῶν
1473 3285 1717 3357 ἕδραισιν
1753 3277 1847 3339 ὧδ’
1883 3290 2181 3359 ἱδρυμένας

1027 3380 1278 3437 ἐκδόντες
1317 3382 1454 3440 ὑμᾶς
1491 3383 1582 3429 τὸν
1616 3381 1980 3450 πανώλεθρον
2022 3384 2154 3432 θεὸν

1026 3476 1210 3539 βαρὺν
1246 3474 1478 3528 ’ξύνοικον
1515 3473 1829 3539 θησόμεσθ’
1868 3473 2158 3540 ἀλάστορα.

561 3560 876 3629 Ἀλάστορος
913 3563 987 3611 vis
1021 3565 1316 3613 describitur
1353 3566 1488 3630 Sept.
1527 3577 1823 3630 725—727=

1227 3649 1538 3722 παλαιγενῆ
1575 3660 1680 3725 γὰρ
1719 3658 1855 3723 λέγω

1228 3752 1422 3816 παρβα
1433 3752 1514 3797 σία
1526 3768 1552 3797 ν
1585 3748 1780 3799 ὠκύποι
1790 3769 1840 3797 νο
1853 3768 1890 3798 ν·

1229 3843 1392 3891 αἰῶνα
1431 3841 1543 3899 δ’ἕς
1581 3844 1763 3908 τρίτον
1798 3844 1963 3901 μένει.

563 3927 679 3976 Iloc
737 3928 883 3993 igitur
944 3930 1046 3979 fere
1109 3931 1246 3981 idem
1309 3939 1396 3997 est,
1463 3934 1598 3997 quod
1665 3934 1805 3983 Deus
1868 3934 1933 3983 de
1982 3946 2038 3982 Se
2090 3934 2195 3997 ipse
2253 3932 2509 3997 praedicat
2567 3932 2735 3982 Exod.

495 4020 609 4081 XX,
647 4031 703 4083 5:
756 4022 902 4085 „Ego
954 4038 1064 4071 sum
1118 4024 1366 4073 Dominus
1419 4026 1558 4073 Deus
1611 4033 1720 4075 tuus
1756 4026 1911 4088 sortis,
1947 4026 2147 4087 zelotes,
2183 4024 2387 4073 visitans
2424 4024 2737 4088 iniquitatem

493 4119 688 4175 patrum
725 4112 776 4159 in
811 4112 956 4171 filios,
993 4114 1044 4161 in
1080 4115 1278 4163 tertiam
1313 4123 1362 4164 et
1397 4123 1622 4179 quartam
1660 4118 2039 4181 generationem
2072 4132 2261 4175 eorum,
2300 4114 2385 4178 qui
2410 4115 2621 4164 oderunt
2640 4132 2735 4173 mc,

493 4210 538 4251 et
576 4204 762 4253 faciens
798 4204 1192 4255 misericordiam
1227 4207 1279 4255 in
1315 4207 1454 4255 milia
1489 4208 1584 4267 his,
1619 4208 1706 4272 qui
1745 4208 1963 4271 diligunt
1998 4225 2077 4257 me
2100 4214 2147 4257 et
2170 4207 2457 4257 custodiunt
2478 4215 2737 4272 praecepta

494 4294 656 4345 mea.''
707 4286 774 4333 -'-
827 4297 975 4345 Plura
1025 4298 1088 4346 de
1136 4298 1470 4365 Ἀλάστορος
1521 4300 1885 4364 significatione
1931 4300 2048 4349 vide
2082 4300 2213 4365 apud
2251 4298 2619 4363 Naegelsbach,
2656 4301 2735 4348 De

492 4387 818 4452 religionibus
867 4387 1117 4437 Orestiam
1178 4390 1415 4454 Aeschyli
1468 4391 1858 4452 continentibus,
1896 4390 2144 4456 Erlangae
2186 4390 2327 4453 1843,
2365 4406 2393 4437 a
2430 4406 2479 4454 p.
2516 4405 2547 4453 9
2582 4406 2736 4454 usque

492 4479 556 4527 ad
591 4480 756 4528 finem.

2423 4592 2465 4655 9
