3442 4975
1397 1263 1708 1330 CAPUT
1757 1265 1877 1328 IV.

581 1463 794 1544 QUAE
844 1477 954 1527 sl'r
1001 1477 1230 1528 SUMMl
1275 1479 1402 1526 DEI
1447 1465 1874 1528 AESCHYLEI
1918 1479 2219 1530 NATURA
2266 1481 2707 1544 QUAERITUR.

610 1961 970 2041 Postquam
1021 1959 1463 2042 superioribus
1505 1960 1827 2041 capitibus
1868 1961 2152 2023 vidimus
2180 1962 2405 2024 Iovem
2433 1983 2764 2025 summum

519 2099 594 2141 ac
640 2097 849 2159 paene
899 2077 1160 2138 unicum
1211 2075 1410 2139 deum
1457 2076 1633 2157 apud
1681 2075 2093 2158 Aeschylum
2130 2096 2294 2154 esse,
2323 2077 2427 2140 hic
2451 2099 2766 2161 quaeren-

523 2193 685 2254 dum
758 2190 948 2253 nobis
1015 2199 1152 2266 est,
1207 2188 1483 2271 qualem
1557 2188 1734 2252 hunc
1812 2191 2010 2253 deum
2080 2211 2226 2253 esse
2294 2193 2766 2254 existimemus,

525 2307 726 2368 Estne
771 2325 1072 2387 persona,
1123 2305 1192 2366 ut
1241 2303 1559 2380 hominm,
1609 2305 1707 2365 sui
1759 2306 2041 2379 conscia,
2066 2324 2301 2380 annon,
2328 2301 2510 2369 estne
2534 2305 2769 2388 aliquis

520 2441 603 2482 an
651 2420 872 2502 potius
917 2417 1213 2501 aliquid?
1263 2416 1458 2480 Dicat
1504 2417 1780 2481 fortasse
1825 2417 2055 2502 aliquis
2102 2418 2228 2481 hoc
2262 2420 2416 2482 satis
2444 2439 2768 2502 superque

523 2533 899 2615 apparuisse
945 2553 1030 2595 ex
1077 2533 1156 2594 iis
1205 2531 1388 2608 locis,
1437 2553 1608 2614 quos
1649 2533 1712 2594 in
1740 2533 1959 2615 capite·
1975 2534 2058 2595 de
2082 2518 2421 2615 Aeschylo
2449 2535 2636 2596 unius
2663 2533 2767 2595 dei

523 2648 773 2712 cultore
817 2646 1279 2729 percurrimus
1371 2646 1467 2708 Et⁴
1503 2648 1597 2714 sfi=c
1648 2648 1915 2728 quidem
1962 2648 2165 2710 videri
2212 2650 2457 2733 possit⁸⁴
2496 2646 2768 2711 Obicio·

519 2762 743 2831 tamen
830 2758 894 2821 1⁰
966 2758 1144 2840 apud
1231 2758 1641 2842 Aeschylum
1728 2760 2081 2824 nonnullos
2164 2762 2351 2827 locos
2426 2781 2769 2824 occurrere

523 2874 784 2956 (partim
855 2856 982 2936 iarn
1055 2871 1404 2954 laudatos),
1479 2873 1588 2946 ubi
1660 2874 1801 2955 ipsa
1872 2876 2141 2938 materia
2211 2874 2375 2937 deus
2446 2896 2598 2940 esse.
2657 2884 2771 2941 aut

523 2987 754 3049 saltem
804 2986 1003 3048 deum
1051 2985 1381 3047 continere
1431 2987 1759 3063 videatur3
1810 2986 1914 3049 ΙΙο
1964 2987 2282 3069 Aeschyli
2323 2990 2519 3070 ipsius
2560 2997 2772 3052 aetate

523 3102 823 3165 homines
871 3099 1089 3178 fuisse,
1139 3102 1256 3183 qui¹
1301 3102 1499 3162 deum
1547 3101 1842 3161 animum
1874 3101 2101 3170 mundi
2142 3102 2565 3182 appellarent,
2602 3105 2796 3167 inter'

524 3215 646 3278 hos
697 3211 1162 3295 Pythagoram,
1198 3214 1279 3296 J)
1326 3216 1510 3276 'cuius
1551 3200 1915 3282 doctrinam
1943 3212 2357 3294 Aeschylum
2386 3216 2775 3296 amplexum-

527 3349 670 3400 esse
757 3326 991 3390 Cicero
1061 3328 1392 3410 perhibet3
1459 3327 1520 3412 2)
1615 3325 1753 3388 ΙΙΙο
1821 3327 2107 3407 denique
2177 3348 2292 3393 eos
2364 3330 2589 3405 etiam,
2659 3330 2773 3419 qui

527 3451 755 3525 postea
822 3442 1232 3523 pantheistae
1299 3440 1606 3523 appellati
1670 3450 1843 3518 sunt,
1908 3462 2105 3523 saepe
2156 3442 2240 3504 de
2286 3442 2413 3507 deo
2461 3453 2771 3525 tanquam

529 3556 612 3618 de
678 3575 960 3637 persona
1015 3556 1286 3618 locutos
1357 3575 1500 3617 esse
1571 3556 1771 3637 idque
1840 3556 2207 3640 inopoe'tiS,
2276 3558 2389 3637 qui
2450 3567 2515 3619 et
2562 3578 2663 3621 res
2706 3530 2805 3620 et*

529 3690 742 3731 meras
806 3670 989 3731 ideas
1053 3672 1115 3731 in
1162 3646 1319 3733 deos
1367 3679 1564 3751 atque
1609 3688 1925 3750 personas
1976 3679 2225 3739 vertere
2272 3680 2515 3743 ament,
2564 3671 2775 3740 multo

536 3785 752 3845 minus
800 3782 1148 3846 offendere.

623 3897 808 3973 Loci,
855 3896 938 3959 ad
989 3916 1158 3977 quos
1205 3917 1400 3977 supra
1449 3896 1660 3973 allusi,
1695 3905 1863 3969 ‚sunt
1909 3895 2019 3959 hi:

604 4106 649 4171 ι.)
683 4106 791 4155 Cic.
830 4106 982 4153 Deor.
1021 4105 1140 4153 Nat.
1175 4104 1219 4166 Ι,
1255 4117 1346 4167 27:
1383 4103 1730 4167 „Pythagoras
1766 4130 1832 4139 —
1868 4103 2057 4151 censuit
2092 4105 2313 4152 animum
2349 4120 2455 4153 esse
2489 4105 2575 4170 (sc.
2612 4106 2785 4171 deum)

533 4214 623 4262 per
671 4206 899 4245 naturam
947 4212 1110 4245 rerum
1157 4212 1356 4244 omnem
1407 4184 1646 4244 intentum
1695 4203 1744 4244 et
1789 4201 2169 4261 commeantem,
2203 4212 2263 4244 ex
2302 4212 2403 4260 quo
2440 4198 2595 4244 nostri
2630 4172 2782 4245 animi

532 4295 848 4354 carperentur
882 4288 1067 4354 (Ritter
1101 4296 1150 4336 et
1187 4287 1391 4345 Preller,
1431 4288 1565 4335 Hist.
1601 4287 1786 4351 philos.
1822 4286 2017 4347 Graec„
2051 4304 2099 4351 p.
2136 4286 2234 4351 61).

601 4380 650 4445 2)
688 4380 836 4427 Tusc.
889 4378 1018 4441 disp.
1073 4391 1120 4437 2,
1179 4391 1261 4426 10:
1317 4377 1535 4435 „Veniat
1587 4375 1885 4440 Aeschylus,
1936 4391 2037 4424 non
2092 4385 2237 4440 poeta
2268 4376 2449 4425 solum
2498 4378 2585 4425 sed
2632 4378 2781 4425 etiam

535 4470 899 4535 Pythagoreus,
935 4469 1004 4515 sic
1040 4469 1172 4517 enim
1209 4467 1540 4532 accepimus.’'
1577 4467 1700 4533 (Csr.
1737 4482 1959 4531 prooem.
1995 4482 2045 4529 p.
2088 4465 2211 4533 14).⁴
