3442 4975
1746 371 1865 434 128
1916 465 1923 472 ἢ

663 564 904 633 tuetur,
971 557 1064 619 sic
1135 557 1332 620 etiam
1401 555 1690 623 divinam
1763 555 2085 632 fraudem,
2156 556 2265 620 ubi
2329 557 2631 632 occurrit,
2679 557 2919 620 iustam

663 671 966 753 appellat,
1012 672 1244 753 fragm.
1295 688 1415 750 301
1472 670 1602 754 (ed.
1654 669 1961 756 Nau'ck):

1110 785 1370 866 ἀπάτης
1415 775 1666 856 δικαὶαξ
1712 783 1823 846 οὐκ
1871 784 2234 846 (iu-oomni*
2275 789 2441 858 θεὸς.

755 899 946 962 Putat
989 897 1190 980 igitur
1235 897 1632 982 AeschyluS,
1681 901 1734 961 si
1783 899 1946 962 deus
1992 899 2267 962 alicuius
2296 909 2585 962 mentem
2596 898 2920 979 puniendi

665 1031 860 1072 causa
905 1013 1364 1088 occaecaverit,
1413 1011 1540 1076 hoc
1587 1012 1873 1076 iustitiae
1921 1013 2176 1077 divinae
2224 1033 2355 1076 non
2404 1013 2792 1078 obtrectare.

755 1129 923 1190 Dico
957 1125 1268 1208 puniendi
1308 1147 1517 1203 causa,
1569 1147 1718 1192 nam
1766 1127 1994 1208 ἀπάτη
2044 1123 2265 1191 δικαία
2315 1128 2489 1192 valet
2512 1128 2689 1191 idem
2716 1138 2915 1211 atque

667 1241 894 1321 dudm]
975 1237 1157 1320 δίκην
1229 1237 1758 1322 εἲσπραττομένη,
1832 1250 1897 1304 et
1966 1241 2163 1305 deum
2234 1241 2538 1306 homines
2603 1243 2917 1324 puniendi

667 1376 864 1418 causa
950 1354 1035 1418 ad
1129 1335 1332 1417 tnalas
1421 1355 1708 1420 actiones
1778 1353 2043 1436 adigere
2114 1353 2354 1436 legitur
2426 1356 2623 1418 etiam
2694 1353 2913 1434 Suppl.

673 1469 1060 1550 388—389:
1117 1536 1120 1540 ,

1034 1640 1039 1646 ,
1111 1581 1272 1652 Ζεύς
1322 1583 1741 1662 ἑτερορρεπής,
1789 1556 1987 1660 νέμων
2039 1582 2299 1653 εἶκότως

1113 1691 1307 1756 ἄδικα
1351 1693 1465 1774 μὲν
1513 1699 1746 1771 κακοῖς,
1792 1693 1935 1754 ὅσια
1982 1692 2341 1774 δ’ἐννόμοις.
2402 1693 2459 1775 Ι)

759 1810 1019 1873 Platner
1062 1809 1263 1872 talem
1311 1809 1620 1872 iustitiam
1667 1807 2102 1890 reprehendit,
2151 1828 2305 1871 nam
2351 1792 2515 1873 haec
2562 1829 2665 1871 res
2692 1821 2917 1874 monet

671 1944 825 1988 eum
875 1922 1068 1990 illius
1139 1925 1514 2002 sententiae,
1586 1944 1787 2006 quam
1829 1923 2083 2004 -vulg0,
2132 1923 2438 2004 quamvis
2483 1944 2617 1986 non
2664 1945 2922 2007 semper

671 2037 922 2120 optimo
991 2038 1150 2112 iure,
1223 2037 1478 2101 Iesuitis
1546 2038 1912 2101 tribuerunt
1960 2040 2043 2113 2),
2105 2045 2171 2100 et
2214 2057 2279 2119 p.
2318 2035 2617 2101 ‚61.dicit
2664 2037 2921 2102 disertis

671 2151 884 2214 verbis
914 2150 976 2232 3)
1023 2152 1548 2217 occaecationem
1587 2171 1718 2214 non
1761 2171 1907 2214 esse
1946 2161 2191 2214 rectam
2230 2150 2403 2214 viam
2430 2151 2709 2215 iustitiae
2732 2171 2919 2214 exer-

673 2265 936 2342 cendae,
1005 2263 1186 2347 quod
1249 2286 1448 2328 causa
1509 2263 1616 2328 fiat
1660 2264 1949 2348 plurium
1997 2265 2340 2329 scelerum.
2434 2265 2652 2346 Quam
2698 2275 2919 2329 tamen

674 2388 846 2442 reete
914 2380 1006 2441 sic
1075 2379 1335 2454 iudicet,
1380 2379 1700 2462 equidem
1766 2400 1899 2442 non
1944 2380 2158 2444 video.
2250 2377 2323 2442 Si
2368 2380 2543 2442 enim
2591 2380 2917 2442 credimus

675 2494 872 2556 deum
942 2513 1082 2555 esse
1127 2514 1388 2556 summa
1433 2495 1726 2576 potentia
1768 2494 2162 2577 praeditum,
2209 2494 2324 2577 qui
2372 2510 2603 2557 omnes
2650 2514 2751 2556 res
2800 2492 2919 2556 hu-

606 2607 609 2611 ’
677 2627 900 2669 manas
968 2614 1153 2688 regat
1219 2607 1670 2689 gubernetque
1742 2617 1857 2671 aut
1891 2608 2157 2687 saltem
2226 2609 2354 2670 hoc
2422 2608 2635 2670 facere
2696 2608 2922 2690 possit,

748 2792 794 2859 1)
828 2793 911 2843 Sic
944 2793 1095 2842 etiam
1130 2792 1368 2857 intellego
1402 2791 1528 2841 illud
1562 2792 1761 2842 Niobae
1794 2792 1971 2857 fragm.
2004 2790 2161 2858 (apud
2198 2792 2379 2843 Nauck
2420 2791 2565 2860 156):

1244 2884 1377 2940 θεὸς
1409 2882 1510 2942 μὲν
1544 2886 1729 2931 αἰτίαν
1764 2885 1882 2943 φύει
1914 2887 2150 2952 βροτοῖς,

1239 2971 1374 3023 fit-’rav
1409 2977 1639 3025 κακῶσαι
1673 2975 1827 3037 δῶμα
1864 2975 2178 3043 παμπήδην
2216 2975 2378 3042 θέλῃ.

743 3070 882 3117 Deus
934 3068 1085 3133 igitur
1134 3067 1267 3130 facit,
1319 3074 1372 3117 ut
1419 3066 1598 3131 aliquis
1631 3066 1725 3116 sibi
1758 3066 1961 3132 eulpam
1996 3068 2273 3127 contrahat,
2306 3068 2348 3117 si
2382 3083 2497 3117 eum
2531 3068 2679 3117 malis
2711 3068 2923 3116 obruere

679 3160 798 3210 vult.
849 3160 952 3212 Sed
987 3159 1189 3223 quando
1222 3158 1331 3209 vult
1364 3157 1488 3207 deus
1521 3157 1740 3222 aliquem
1775 3156 1920 3207 malis
1955 3158 2205 3207 obruere?
2236 3158 2424 3208 Vultne
2455 3159 2556 3208 hoc
2589 3166 2773 3209 temere
2810 3157 2921 3206 sine

678 3251 804 3301 iusta
869 3250 1042 3314 aliqua
1101 3250 1288 3298 causa?
1357 3248 1588 3300 Minime.
1654 3247 1898 3298 Eiusdem
1953 3248 2239 3313 tragoediae
2290 3250 2441 3299 etiam
2492 3250 2548 3299 hi
2598 3265 2766 3299 versus
2810 3255 2923 3299 sunt

677 3341 876 3408 (fragm.
912 3338 1052 3406 159):
1814 3397 1817 3399 v

1247 3432 1403 3493 οὑμὸς
1438 3429 1502 3481 δὲ
1539 3431 1763 3493 πότμος,
1788 3432 1993 3499 οὐρανῷ
2028 3434 2197 3499 κυρῶν
2232 3430 2339 3483 ἄνω

1249 3522 1407 3591 ἔραζε
1443 3526 1636 3571 πίπτει
1672 3525 1761 3571 καί
1795 3541 1861 3582 με
1896 3532 2199 3590 προσφωνεῖ
2236 3522 2388 3573 τάδε·

1247 3620 1504 3682 γίγνωσκε
1537 3616 1895 3684 τάνθρώπεια
1933 3619 2008 3681 μὴ
2041 3616 2227 3675 σέβειν
2260 3614 2421 3681 ἄγαν.

750 3706 800 3775 2)
832 3708 896 3758 O.
947 3708 983 3758 1.
1033 3723 1084 3773 p.
1135 3719 1227 3771 73:
1280 3708 1420 3768 „Son
1452 3708 1610 3757 damit
1644 3708 1735 3757 der
1768 3708 2014 3761 Gedanke
2047 3707 2378 3773 ausgedrnckt
2411 3705 2628 3768 werden,
2662 3706 2753 3755 der
2778 3706 2927 3771 Trug

681 3799 754 3849 als
805 3798 890 3848 ein
940 3798 1108 3848 Mittel
1140 3798 1218 3849 fur
1253 3799 1344 3848 das
1377 3800 1542 3849 Recht
1573 3800 1644 3849 sei
1677 3798 1910 3865 zulassig‚
1944 3814 2000 3848 so
2034 3799 2225 3847 konnte
2258 3814 2377 3847 man
2410 3799 2553 3848 datin
2586 3798 2688 3847 den
2723 3797 2925 3847 Grund-

681 3896 784 3939 satz
817 3889 1003 3949 finden,
1037 3890 1127 3939 der
1162 3890 1348 3939 Zweck
1379 3890 1568 3955 heilige
1601 3890 1688 3941 die
1726 3890 1939 3941 Mitte1.'’

749 3984 800 4044 3)
836 3980 917 4029 Ibi
951 3981 1159 4046 legitur:
1195 3980 1512 4045 „Uebrigens
1547 3982 1611 4031 ist
1643 3982 1730 4032 die
1767 3982 2128 4047 Verblendung
2162 3981 2284 4031 kein
2315 3981 2605 4046 geeignetes
2641 3980 2823 4043 Mittel,
2842 3979 2926 4029 die

684 4071 1062 4136 Gerechtigkeit
1107 4088 1168 4121 zu
1201 4072 1476 4131 realisiren,
1509 4072 1731 4123 insosern
1764 4073 1837 4123 sie
1872 4073 1995 4123 dazu
2030 4072 2285 4140 mitwirkt,
2319 4074 2434 4123 dass
2468 4074 2551 4123 ein
2586 4072 2927 4122 unrechtmas-

683 4164 813 4229 siges
845 4164 1111 4229 Beginnen
1145 4164 1406 4229 vollzogen
1440 4165 1624 4225 werde,
1658 4165 1762 4214 und
1796 4165 1881 4214 die
1917 4164 2219 4225 dvoosfsi’noe
2256 4165 2360 4214 und
2399 4168 2559 4232 ὕβρις
2593 4180 2679 4213 zur
2713 4162 2927 4212 Ausfuh-

683 4272 812 4320 rung
846 4256 1105 4313 kommen‚
1143 4255 1272 4305 Eine
1307 4255 1484 4319 Strafe,
1520 4257 1714 4307 welche
1749 4257 1841 4305 das
1875 4257 2200 4307 Verbrechen
2234 4257 2325 4305 mit
2358 4262 2572 4321 erzeugt,
2605 4255 2669 4303 ist
2685 4255 2761 4304 fur
2778 4252 2929 4303 keine

684 4348 925 4412 passende
975 4365 1034 4396 zu
1068 4348 1260 4411 halten,
1292 4349 1464 4397 indem
1501 4364 1554 4397 es
1588 4348 1833 4398 vielmehr
1866 4350 1956 4398 der
1990 4349 2267 4413 gottlichen
2302 4347 2683 4412 Gerechtigkeit
2715 4346 2931 4410 ansteht,

684 4439 912 4489 ‹lasselbe
946 4456 1002 4487 zu
1040 4439 1391 4491 verhindern.’'
