3442 4975
1648 423 1730 492 75

559 602 781 677 saciat,
851 599 968 664 sed
1043 607 1270 663 contra
1339 619 1536 662 omne
1604 600 1705 662 ius
1776 607 1841 662 et
1902 599 2020 674 fas,
2083 600 2135 662 is
2184 619 2442 682 semper
2490 599 2813 682 Erinyum

562 715 919 779 >terroribus
992 714 1325 777 obnoxius
1391 722 1508 776 est.
1606 714 1804 779 Unde
1865 716 2062 778 etiam
2109 722 2311 797 patet,
2360 713 2635 796 Erinyes
2680 734 2813 776 non

566 830 804 905 solum,
877 829 1083 892 immo
1147 848 1293 918 raro
1355 830 1845 892 exsecrationes
1878 893 1881 897 ,
1909 838 2079 892 ratas
2138 829 2371 906 facere,
2419 848 2570 891 nam
2619 833 2815 911 saepe

566 944 806 1008 adsunt
889 931 1066 1007 nulla
1132 943 1579 1007 exsecratione
1645 942 2088 1008 antecedente.
2182 943 2545 1006 Klausenio
2616 942 2815 1024 igitur

567 1077 697 1122 non
743 1059 1080 1133 assentior,
1130 1047 1407 1119 dicenti:
1456 1056 1712 1140 (Theol.
1761 1056 2082 1139 Aeschyli
2113 1067 2278 1140 trag.
2305 1079 2369 1140 p.
2400 1054 2547 1142 v50):
2580 1057 2823 1138 „Apud

570 1171 978 1254 Aeschylum
1052 1153 1276 1253 ubiq'ue
1342 1172 1654 1253 cognosci
1719 1179 1938 1254 potest
2006 1169 2169 1235 haec
2217 1172 2534 1253 cogitatio
2580 1173 2813 1254 princi·

563 1285 751 1368 paliS,
823 1287 1056 1349 Furias
1117 1307 1261 1349 esse
1307 1307 1438 1361 eaS,
1487 1308 1655 1369 quae
1701 1279 2231 1351 exsecrationem
2264 1296 2467 1350 ratam
2512 1282 2813 1350 faciant.”

571 1399 993 1484 Quamquam
1064 1402 1202 1484 ipse
1248 1401 1448 1484 paulo
1495 1402 1656 1464 infra
1703 1403 1828 1464 iam
1876 1402 2092 1465 addit:
2144 1401 2437 1477 „Tamen
2484 1401 2813 1465 interdum

570 1515 765 1578 etiam
797 1514 972 1577 nulla
997 1517 1444 1579 exsecratione
1467 1517 1885 1598 pronuntiata
1908 1514 2151 1578 scel-era
2176 1509 2444 1597 antiqua
2467 1513 2814 1597 puniunt.”

573 1627 901 1711 Equidem
997 1629 1292 1692 concedo
1365 1630 1642 1712 Erinyes
1711 1630 1910 1693 etiam
1980 1628 2165 1711 Ἀρὰς
2240 1628 2573 1712 appellari,
2644 1629 2813 1692 hanc

570 1751 790 1804 autem
859 1762 1090 1806 vocem
1162 1733 1422 1826 proprie
1481 1745 1996 1809 exsecrationem
2046 1743 2427 1828 significare,
2498 1744 2613 1806 sed
2659 1765 2811 1806 cum

569 1877 701 1919 non
769 1876 1050 1938 semper,
1118 1865 1189 1920 ut
1248 1856 1541 1920 Klausen
1590 1858 1846 1934 fatetur,
1898 1859 1981 1921 de
2026 1859 2479 1922 exsecratione
2525 1860 2812 1941 propri0,

569 1990 758 2035 sensu
829 1971 1102 2052 cogitari
1172 1972 1375 2053 possit
1437 1971 1548 2033 ubi
1608 1970 1797 2038 adest
1828 1965 2105 2053 'Eriny3,
2154 1969 2283 2034 hoc
2334 1969 2526 2049 Ἀρᾶς
2574 1992 2813 2034 nomen

569 2083 697 2145 alio
753 2085 954 2146 modo
1009 2082 1471 2166 explicandum
1520 2084 1793 2148 videtur.
1889 2083 2089 2167 Quod
2137 2085 2283 2148 luce
2329 2085 2562 2148 clarius
2610 2085 2682 2148 fit
2727 2106 2813 2146 ex

577 2195 842 2279 Choffple.
893 2211 1046 2279 905,
1092 2219 1243 2261 nam
1291 2198 1380 2261 ibi
1430 2197 1906 2281 Clytaemestra
1954 2208 2143 2282 rogat
2190 2198 2531 2318 Orestam:

968 2309 1148 2376 ουδὲν
1194 2311 1406 2397 σεβίζῃ
1452 2310 1817 2387 γενεθλίους
1864 2313 2041 2396 ἀράς,
2093 2311 2330 2389 τέκνοις

574 2425 726 2489 Hoc
785 2425 935 2489 loco
993 2424 1360 2505 γενεθλίους
1409 2426 1566 2512 οἷρὰς
1613 2429 1789 2493 idem
1836 2451 1979 2494 esse
2025 2451 2101 2495 ac
2147 2429 2377 2513 μητρὸς
2422 2428 2579 2513 ἀρὰς
2637 2439 2814 2513 patet

571 2559 657 2601 ex
705 2560 1041 2622 responsO,
1089 2543 1270 2625 quod
1318 2544 1400 2606 ab
1443 2542 1686 2609 Oresta
1733 2545 1924 2608 datur
1971 2545 2053 2627 (v.
2100 2545 2299 2629 906):

880 2658 1149 2716 τεκοῦσα
1193 2658 1314 2738 γάρ
1358 2655 1424 2737 μ’
1473 2656 1742 2740 ἔρριψας
1790 2659 1849 2730 ἐς
1896 2659 1969 2719 τὸ
2016 2655 2315 2741 δυστυχές
2372 2661 2427 2741 1)

664 2765 1136 2849 Clytaemestra
1198 2771 1397 2853 igitur
1444 2781 1652 2854 rogat,
1701 2784 1922 2836 annon
1971 2771 2241 2837 Orestes
2292 2782 2542 2837 metuat
2588 2774 2813 2837 matris

571 2880 746 2961 ἀράς.
842 2879 938 2944 At
1004 2883 1056 2944 si
1129 2882 1194 2946 h.
1266 2884 1306 2951 l.
1375 2886 1458 2948 de
1526 2889 1979 2951 exsecratione
2046 2908 2274 2950 sermo
2333 2897 2525 2966 esset,
2598 2878 2814 2951 dicere

569 2994 850 3058 debebat
911 2993 1074 3078 ἀρὰν
1135 2998 1446 3080 singulari
1497 3020 1772 3065 numero
1822 3010 1895 3064 ut
1936 2996 2149 3069 Pr'om.
2198 3018 2331 3083 909
2378 3002 2620 3084 πατρὸς
2666 3001 2809 3083 (ἱρά,

569 3116 652 3185 et,
701 3109 880 3191 quod
929 3112 1141 3173 maius
1189 3120 1305 3189 est,
1355 3112 1533 3176 nulla
1569 3115 1861 3197 sequitur
1887 3113 2401 3198 Clytaemestrae
2424 3116 2810 3177 exsecratio.

569 3219 798 3305 Itaque
837 3224 1032 3286 etiam
1069 3203 1232 3303 tum,
1260 3247 1412 3289 cum
1437 3226 1616 3290 nulla
1640 3230 2007 3291 exsecratio
2030 3231 2507 3312 pronuntiatur,
2533 3230 2812 3311 Erinyes

569 3357 702 3399 non
749 3336 966 3401 solum
1014 3340 1237 3403 venire
1280 3351 1558 3441 possunt
1602 3342 1737 3419 (cfr.
1764 3342 1998 3423 Agam.
2030 3356 2197 3424 55—-
2112 3342 2337 3427 —·,59)
2363 3364 2591 3407 verum
2617 3343 2810 3406 etiam

566 3448 746 3531 'Agiou
791 3431 1218 3556 appellantur.
1269 3453 1402 3517 Sed
1427 3455 1809 3538 Aeschylus
1838 3456 2094 3539 disertis
2119 3458 2333 3521 verbis
2357 3458 2514 3521 dicit
2536 3459 2812 3541 Erinyes

566 3562 758 3640 Ἀρὰς
823 3566 1134 3648 appellari
1197 3569 1421 3631 subter
1477 3578 1717 3633 terram
1767 3570 1903 3653 (γῆς
1951 3569 2160 3654 ὑπαὶ),
2208 3573 2388 3654 quod
2436 3593 2568 3635 non
2616 3572 2812 3636 credo

569 3700 722 3742 eum
792 3688 1037 3742 temere
1107 3680 1359 3745 fecisse.
1451 3680 1521 3745 Si
1583 3683 1758 3746 enim
1821 3684 2097 3766 Erinyes
2156 3706 2381 3749 revera
2429 3686 2585 3748 nihil
2638 3686 2813 3749 aliud

570 3794 691 3855 nisi
762 3793 1198 3857 conscientiae
1287 3795 1604 3859 scelerum
1698 3806 1874 3876 sunt,
1940 3807 2003 3881 2)
2098 3818 2230 3862 non
2320 3809 2601 3882 possunt
2688 3799 2813 3863 hae

641 3956 686 4021 1)
752 3954 836 4004 Ad
906 3956 1040 4004 hunc
1109 3971 1305 4005 versum
1373 3957 1640 4008 Wecklein
1672 3964 1905 4010 annotat:
1942 3961 1995 4010 d.
2027 3960 2062 4011 i.
2097 3961 2210 4011 Wie
2243 3950 2381 4011 kann
2415 3962 2495 4013 ich
2530 3963 2583 4013 in
2615 3964 2694 4012 dir
2730 3965 2815 4014 die

569 4048 757 4097 Mutter
792 4048 970 4098 achten
987 4051 1012 4098 ?

635 4138 686 4206 2)
737 4139 890 4203 Quod
941 4140 1095 4189 etiam
1147 4140 1466 4190 Schoemann
1517 4142 1753 4191 concedit
1804 4143 1855 4192 in
1901 4144 2005 4193 Die
2051 4145 2377 4194 Eumem’den
2424 4147 2507 4195 des
2540 4148 2815 4212 Aeschylos,

569 4232 706 4282 Einl.
739 4249 789 4298 p.
825 4244 918 4296 33:
969 4268 1024 4291 „.
1046 4269 1058 4282 .
1080 4271 1091 4282 .
1114 4270 1126 4282 .
1155 4247 1212 4280 so
1246 4246 1416 4282 waren
1450 4233 1580 4283 auch
1615 4234 1732 4283 dem
1767 4234 1903 4283 alten
1939 4235 2151 4285 Dichter
2184 4236 2286 4284 und
2322 4236 2513 4285 seinem
2549 4238 2814 4289 Publicum

566 4324 648 4373 die
682 4324 904 4390 Erinyen
939 4324 1078 4373 nicht
1111 4324 1226 4374 eine
1259 4324 1396 4374 bloss
1430 4326 1735 4374 ausserliche
1769 4326 1861 4374 auf
1888 4326 1989 4375 den
2014 4327 2213 4376 Orestes
2230 4328 2599 4378 einbrechende
2622 4330 2813 4391 Macht‚

565 4415 782 4465 sondern
830 4416 903 4465 sie
951 4431 1118 4465 waren
1166 4416 1248 4465 ein
1283 4417 1334 4465 in
1368 4416 1452 4466 die
1489 4417 1837 4484 Erscheinung
1872 4419 2121 4473 tretendes
2157 4420 2446 4490 Gegenbild
2481 4422 2674 4481 dessen,
2710 4440 2813 4475 was

566 4506 617 4559 in
652 4507 812 4559 seiner
846 4508 1060 4575 eigenen
1095 4508 1238 4558 Seele
1273 4508 1536 4579 vorging.’'
