3442 4975
1645 451 1677 527 3

536 656 668 701 non
741 658 943 700 unum
991 644 1244 700 tantum
1293 644 1526 700 testem
1574 637 1921 714 exstitisse,
1972 637 2119 719 quis
2167 638 2443 719 ignorat,
2495 636 2604 720 qui
2653 652 2783 702 non

533 753 746 813 omnis
813 751 1078 832 ‚illorum
1148 760 1522 832 temporum
1587 751 1979 832 cognitionis
2038 760 2139 814 est
2184 757 2464 834 expers?
2556 753 2785 815 Memi-

538 866 704 928 nerit
773 865 977 926 modo
1047 864 1420 941 Pindarum,
1500 866 1877 928 recordetur
1950 864 2393 943 Herodotum,
2464 865 2785 949 Aeschyli

540 981 671 1041 fere
719 978 1048 1061 aequaleS,
1095 998 1394 1040 summae
1438 978 1695 1059 pietatis
1743 980 1941 1041 viros‚

628 1092 796 1155 Cum
865 1101 1088 1155 autern
1161 1091 1639 1154 nobilissimum
1711 1094 2026 1175 quodque
2099 1095 2430 1176 ingenium
2500 1095 2564 1155 in
2613 1115 2787 1156 sum-

538 1207 662 1268 mis
731 1206 1142 1288 potissimum
1212 1205 1408 1268 rebus
1463 1215 1773 1270 -versetur
1850 1206 1933 1287 1),
1981 1205 2115 1269 fieri
2163 1200 2295 1268 non
2342 1208 2574 1288 potuit,
2624 1210 2782 1289 quin

471 1294 479 1301 Ι
537 1318 723 1381 multi
770 1320 1008 1381 summi
1056 1320 1197 1396 viri,
1248 1317 1535 1382 Graecae
1583 1321 1984 1402 antiquitatis
2034 1320 2332 1398 studiosi,
2365 1322 2431 1382 in
2458 1320 2778 1403 Aeschyli

542 1432 623 1493 de
691 1432 815 1493 diis
861 1431 1276 1513 opinionibus
1323 1432 1746 1495 enucleandis
1794 1453 2063 1515 operam
2113 1432 2551 1522 collocarent..
2598 1420 2784 1498 Atta·

541 1564 690 1606 men
761 1544 868 1608 alii
939 1545 1142 1607 aliurn
1213 1546 1338 1607 sibi
1399 1547 1464 1607 in
1511 1545 1613 1608 his
1663 1546 1858 1609 rebus
1906 1546 2258 1611 tractandis
2306 1546 2498 1609 finem
2547 1568 2787 1630 propo-

542 1668 835 1722 suerunt.
908 1657 1230 1721 Nonnulli
1293 1660 1468 1721 enim
1530 1660 1593 1721 in
1657 1680 1853 1723 unam
1917 1668 2173 1723 tantum
2219 1670 2474 1743 partem
2520 1671 2787 1743 propter

539 1772 928 1853 gravitatem
987 1772 1490 1855 inquisiverunt,
1537 1794 1688 1835 cum
1736 1773 1843 1835 alii
1893 1782 2097 1837 totam
2146 1792 2285 1852 rem
2334 1775 2788 1857 disquisitione

536 1905 656 1947 sua
708 1886 1050 1966 complecti
1099 1896 1280 1963 sunt3
1332 1887 1532 1948 modo
1581 1887 1664 1949 de
1689 1887 1997 1949 omnibus
2029 1887 2148 1949 diis
2176 1888 2552 1969 singillatim
2577 1888 2789 1949 dicere

544 2000 866 2082 placebat,
914 2001 1116 2064 modo
1156 2002 1238 2064 de
1265 2001 1424 2063 Iove
1449 1999 1626 2078 solo;
1653 2000 1912 2064 suerunt
1937 2001 2240 2083 denique,
2269 2002 2380 2083 qui
2411 2022 2511 2064 res
2534 1997 2786 2064 divinas

536 2115 714 2197 apud
765 2113 1176 2197 Aeschylum
1223 2113 1423 2177 solius
1449 2116 1604 2177 artis
1626 2117 1920 2197 poeticae
1947 2116 2194 2177 ratione
2220 2113 2442 2178 habita
2466 2124 2618 2178 sunt
2638 2136 2786 2198 pro·

539 2230 763 2292 secuti.
813 2227 980 2291 Mihi
1030 2249 1202 2291 nunc
1248 2230 1310 2290 in
1356 2230 1579 2290 animo
1627 2237 1727 2290 est
1763 2248 2093 2309 quaerere,
2119 2228 2276 2310 quid
2303 2227 2676 2311 Aeschylus
2703 2230 2788 2293 de

521 2343 807 2429 „numine
845 2343 1065 2405 divino
1115 2344 1400 2416 senserit,
1444 2342 1603 2424 quid
1628 2342 1883 2405 divinae
1909 2352 2178 2405 naturae
2202 2363 2423 2406 revera
2445 2344 2785 2425 proprium

542 2476 684 2520 esse
730 2457 787 2519 ei
834 2458 1050 2520 visum
1099 2457 1199 2532 sit,
1247 2476 1446 2539 quam
1497 2455 2045 2520 necessitudinem
2084 2454 2459 2519 hominibus
2483 2477 2633 2520 cum
2661 2457 2786 2519 deo

537 2572 938 2634 intercedere
983 2572 1244 2653 putarit,
1295 2579 1366 2668 ut
1413 2591 1544 2634 uno
1592 2571 1873 2653 denique
1921 2570 2123 2633 verbo
2172 2571 2405 2649 dicam,
2434 2571 2589 2633 mihi
2614 2592 2785 2635 nunc

540 2706 671 2749 non
721 2695 854 2749 tam
907 2706 1007 2748 res
1051 2685 1268 2748 futura
1302 2694 1401 2748 est
1425 2706 1577 2747 cum
1603 2693 1840 2767 poetae
1865 2694 2002 2749 arte
2024 2694 2139 2748 aut
2164 2706 2314 2748 cum
2341 2685 2615 2778 singulis
2641 2686 2784 2763 diis,

533 2818 732 2880 quam
780 2819 932 2860 cum
958 2798 1240 2861 hominis
1268 2797 1586 2880 Aeschyli
1611 2801 1851 2861 summi
1880 2799 2006 2861 Dei
2034 2800 2537 2882 divinarumque
2564 2820 2780 2863 rerum

542 2913 769 2974 notitia
817 2911 908 2992 2).
956 2911 1152 2992 Quod
1201 2921 1422 2974 autern
1471 2932 1601 2974 non
1649 2913 1733 2975 de
1783 2913 1905 2975 diis
1954 2914 2071 2975 sed
2119 2913 2203 2975 de
2252 2915 2520 2976 numine
2561 2914 2783 2977 divino

535 3024 917 3108 Aeschyleo
987 3027 1345 3108 scripturus
1415 3047 1584 3102 sum,
1653 3025 1782 3089 hoc
1852 3046 1983 3089 non
2053 3027 2254 3090 modo
2326 3027 2492 3104 licet,
2554 3048 2780 3091 verum

1766 3127 1790 3150 Ο

601 3243 870 3312 Memento¹
907 3261 990 3310 hic
1031 3261 1190 3310 'etiam
1247 3260 1330 3324 pia
1381 3267 1514 3318 vota,
1569 3259 1753 3323 quibus
1802 3259 2019 3324 graviter
2070 3265 2385 3322 aegrotantes
2435 3275 2489 3308 se
2537 3259 2784 3308 interdum

533 3356 770 3405 adversus
808 3354 990 3409 Deum,
1025 3368 1174 3416 quem
1211 3358 1356 3400 antea
1391 3367 1492 3400 non
1527 3351 1827 3423 curaverint,
1862 3351 2199 3414 obstringunt.

606 3449 652 3509 1)
687 3446 790 3494 Csr.
845 3447 937 3494 Dr.
986 3445 1032 3508 J.
1069 3443 1296 3507 Wohjer,
1335 3443 1414 3491 De
1450 3443 1769 3506 wetenschap
1804 3458 1901 3490 van
1936 3441 2034 3490 den
2069 3441 2231 3508 logos,
2264 3444 2605 3502 Amsterdam,
2642 3445 2785 3508 1891,

529 3555 580 3602 p.
637 3549 728 3602 53:
784 3537 960 3597 „Alles
1011 3542 1261 3593 verstaan‚
1313 3533 1437 3583 alles
1490 3535 1541 3582 in
1598 3535 1820 3583 verband
1874 3549 1933 3584 en
1972 3534 2287 3599 verhouding
2320 3535 2581 3601 begrijpen
2616 3536 2657 3584 is
2692 3553 2785 3585 ons

532 3630 636 3678 niet
689 3644 942 3694 gegeven;
995 3629 1076 3692 wij
1129 3628 1293 3675 z'ullen
1326 3607 1533 3675 daarom
1569 3634 1643 3676 tot
1679 3627 1765 3676 het
1800 3627 2083 3676 onderzoek
2118 3643 2217 3675 van
2252 3628 2336 3676 het
2370 3644 2491 3677 eene
2526 3645 2617 3677 ons
2651 3644 2785 3678 meet

533 3722 757 3786 begeven
807 3721 907 3768 dan
964 3735 1060 3768 vau
1114 3718 1198 3767 het
1253 3719 1455 3777 andere,
1509 3727 1763 3768 naarmate
1816 3734 1892 3768 we
1947 3719 2031 3767 het
2084 3719 2277 3783 hooger
2310 3720 2534 3769 schatten
2571 3720 2623 3768 in
2657 3722 2783 3784 zijne

531 3812 836 3861 beteekenis.
906 3812 1043 3859 Naar
1095 3811 1180 3860 het
1231 3811 1358 3860 door
1391 3809 1499 3858 ’ons
1533 3810 1748 3860 belcden
1785 3811 2011 3876 beginsel
2046 3810 2123 3858 zal
2159 3811 2211 3858 ik
2245 3811 2330 3874 mij
2367 3812 2461 3860 dus
2495 3812 2650 3860 liever
2684 3819 2785 3860 met

529 3904 680 3952 Ernst
733 3919 833 3952 von
871 3903 1086 3952 Lasaulx
1123 3904 1334 3952 wenden
1369 3910 1442 3951 tot
1475 3918 1566 3952 een
1603 3903 1889 3952 onderzoek
1924 3917 2043 3951 over
2079 3903 2142 3952 de
2175 3903 2401 3968 gebeden
2437 3903 2526 3950 der
2562 3902 2783 3951 Grieken

528 4011 592 4043 en
629 3995 930 4055 Romeinen,
963 3995 1168 4044 hunnen
1204 3995 1375 4054 vloek,
1413 4009 1532 4043 over
1565 3995 1664 4043 den
1700 3995 1795 4043 eed
1830 3996 1897 4059 bij
1938 3995 2001 4043 de
2038 3989 2322 4042 Romeinen
2360 3993 2417 4042 os
2444 3994 2528 4042 het
2547 3994 2784 4056 huwelijk

530 4088 599 4151 bij
653 4087 718 4135 de
771 4086 1008 4147 Grieken,
1059 4087 1161 4135 dan
1212 4094 1285 4135 tot
1320 4103 1414 4136 een
1448 4087 1737 4136 onderzoek
1772 4103 1893 4135 naar
1926 4087 1991 4135 de
2028 4086 2334 4150 werktuigen
2370 4086 2421 4133 in
2456 4085 2520 4134 de
2553 4085 2783 4142 theaterS,

529 4179 589 4228 of
635 4180 720 4249 het
755 4186 980 4228 costuum
1014 4179 1103 4227 der
1136 4179 1552 4243 tooneelspeler53
1603 4179 1669 4228 de
1708 4179 1997 4227 beteekenis
2031 4195 2128 4227 van
2164 4179 2259 4226 den
2295 4178 2440 4242 logos
2477 4177 2528 4224 in
2561 4177 2626 4226 de
2661 4193 2783 4225 eene

525 4271 580 4335 rij
639 4287 736 4318 van
787 4271 1144 4335 onderwerpen
1198 4271 1240 4318 is
1289 4271 1404 4319 toch
1469 4271 1695 4334 waarlijk
1733 4271 1834 4319 niet
1867 4271 2025 4335 gelijk
2060 4286 2155 4318 aan
2191 4270 2273 4318 die
2310 4269 2359 4316 in
2395 4269 2457 4317 de
2492 4268 2675 4317 andere
2710 4271 2783 4332 rij.

528 4363 608 4410 De
644 4361 986 4426 waardeering
1023 4362 1112 4410 der
1147 4362 1334 4426 dingen
1371 4363 1410 4410 is
1450 4363 1590 4427 altijd
1627 4379 1723 4410 van
1763 4362 1963 4411 iuvloed
1998 4378 2065 4426 op
2102 4363 2167 4410 de
2203 4360 2437 4424 richting,
2477 4360 2661 4408 waarin
2698 4359 2783 4407 het

531 4453 1002 4518 wetenschappelijk
1041 4453 1323 4502 onderzoek
1360 4454 1468 4502 zich
1504 4453 1784 4503 uitstrekt.''

599 4547 650 4613 2)
722 4547 866 4594 Idem
935 4545 1087 4608 igitur
1150 4545 1276 4593 mihi
1334 4547 1587 4610 proposui,
1643 4545 1779 4608 quod
1834 4545 2188 4608 Naegelsbach
2240 4545 2303 4591 de
2358 4559 2449 4591 sua
2502 4541 2783 4611 Theologia
