3442 4975
1640 421 1717 486 71

567 602 722 677 post
787 594 928 657 eius
993 593 1412 671 dementiam,
1482 594 1520 660 i.
1589 614 1646 659 e.
1714 612 1803 657 ex
1864 614 1943 659 ea
1989 595 2304 661 oriuntur.
2356 595 2475 661 Cui
2524 597 2816 681 opinioni

568 729 702 772 non
749 717 1094 791 repugnat,
1155 708 1335 792 quod
1381 708 1570 774 Eum.
1623 723 1972 791 322-327
2022 710 2301 792 Erinyes
2348 712 2575 775 dicunt
2620 733 2815 776 suum

567 842 830 886 carmen
877 822 1251 887 dementem
1301 822 1543 887 facere:

1185 936 1291 998 ἐπὶ
1338 930 1404 997 δὲ
1453 938 1546 1016 τῷ
1592 932 1929 1017 τεθυμένῳ

1193 1035 1337 1099 τόδε
1384 1034 1585 1120 μέλος,
1633 1044 2009 1120 παρακοπά,

1189 1141 1530 1223 παραφορὰ
1577 1137 1989 1221 φρενοδαλής,

1196 1240 1385 1321 ὕμνος
1433 1240 1497 1315 ἐξ
1542 1239 1881 1325 Ἐρινύων,

1194 1341 1439 1420 δέσμιος
1484 1345 1749 1425 φρενῶν,
1797 1343 1994 1425 οἷφόρ-

1187 1468 1427 1526 μικτος,
1477 1446 1679 1510 αὐονὰ
1728 1446 1995 1530 βροτοῖς,

567 1592 720 1635 nam
757 1594 918 1635 cum
964 1572 1364 1635 conscientia
1411 1573 1671 1635 sceleris
1718 1573 2004 1656 indeque
2050 1582 2192 1637 orta
2238 1572 2571 1637 dementia
2611 1574 2814 1637 semel

561 1685 716 1750 illos
758 1694 1058 1764 terroreS,
1108 1687 1386 1769 Erinyes
1431 1686 1601 1764 dico,
1649 1687 1873 1749 animo
1898 1686 2178 1751 hominis
2201 1688 2496 1752 scelerati
2520 1687 2813 1763 incussit,

566 1800 630 1862 hi
694 1800 816 1883 ipsi
875 1809 1156 1863 terrores
1215 1822 1440 1864 rursus
1500 1801 1778 1865 invicem
1837 1822 1993 1865 eum
2038 1802 2105 1864 in
2150 1802 2438 1866 furorem
2485 1803 2816 1868 coniciunt

566 1922 633 1975 et
692 1914 942 1977 ratione
998 1915 1272 1999 privant.
1346 1916 1455 1977 Ex
1513 1935 1593 1978 eo
1639 1935 1861 1998 porr0‚
1908 1916 2088 1998 quod
2136 1917 2413 1998 Erinyes
2459 1914 2615 1979 nihil
2662 1925 2815 1981 sunt

567 2026 688 2089 nisi
761 2027 1247 2109 προσωποποιία
1313 2028 1570 2110 poetica
1637 2027 1877 2091 horum
1946 2037 2293 2107 terrorum,
2356 2050 2441 2091 ex
2503 2031 2645 2113 ipso
2691 2030 2811 2093 viri

569 2138 861 2204 scelerati
953 2142 1173 2205 animo
1264 2141 1851 2224 proficiscentium,
1936 2144 2133 2208 etiam
2203 2142 2423 2207 varius
2493 2143 2813 2225 Erinyum

564 2263 867 2338 aspectus
927 2254 1320 2319 derivandus
1381 2264 1500 2331 est,
1563 2274 1715 2317 nam
1779 2254 2131 2331 sceleratis,
2192 2257 2303 2338 qui
2352 2255 2614 2319 sceleris
2660 2276 2813 2320 con-

567 2369 834 2432 scientia
877 2377 1231 2451 anguntur,
1281 2369 1455 2431 idem
1505 2368 1762 2446 accidit,
1802 2369 1983 2452 quod
2008 2368 2501 2447 dormientibuS,
2529 2390 2814 2453 quorum

568 2484 905 2566 imagineS‚
977 2503 1145 2566 quae
1217 2482 1293 2545 iis
1355 2484 1418 2546 in
1480 2482 1729 2546 somnis
1775 2492 2111 2566 apparent,
2159 2484 2484 2548 interdum
2533 2486 2812 2562 formam

564 2606 882 2680 perpetuo
954 2605 1226 2674 mutant,
1296 2598 1385 2660 ita
1456 2606 1544 2675 ut,
1617 2599 1731 2680 qui
1800 2597 2001 2661 modo
2070 2606 2242 2662 esset
2310 2597 2533 2675 hom0‚
2595 2599 2813 2662 subito

565 2711 770 2775 bestia
822 2712 989 2775 facta
1035 2713 1138 2786 sit,
1189 2713 1433 2796 quique
1480 2711 1684 2775 modo
1731 2721 1901 2775 esset
1947 2713 2345 2796 quadrupes„
2391 2714 2629 2778 sensim
2676 2715 2814 2777 sine

566 2846 758 2888 sensu
830 2828 894 2888 in
964 2827 1318 2890 draconem
1380 2835 1493 2890 aut
1553 2825 1731 2889 aliud
1780 2826 1963 2908 quod
2008 2825 2200 2890 abeat
2244 2835 2634 2902 monstrum,
2680 2835 2812 2906 aut,

566 2941 747 3024 quod
797 2960 930 3004 non
978 2961 1124 3004 raro
1170 2940 1258 3018 fit,
1308 2961 1441 3004 uno
1487 2941 1855 3023 eodemque
1901 2950 2146 3023 puncto
2180 2943 2493 3024 temporis
2526 2942 2811 3006 hominis

567 3063 634 3117 et
678 3054 925 3117 bestiae
971 3055 1224 3138 species
1271 3074 1400 3116 una
1445 3055 1510 3116 in
1556 3053 1844 3136 imagine
1890 3063 2211 3117 cernatur.
2267 3055 2332 3137 1)

657 3167 834 3232 Nolo
905 3176 1125 3231 tamen
1211 3167 1605 3231 contendere
1694 3165 2113 3251 Aeschylum
2206 3187 2350 3230 eam
2442 3167 2653 3250 ipsam
2724 3169 2811 3231 ob

563 3303 828 3346 causam
897 3281 1016 3344 has
1084 3281 1447 3364 imaginum
1538 3280 2019 3344 vicissitudines
2089 3281 2589 3362 excogitavisse,
2659 3301 2810 3345 nam

564 3396 776 3461 nullas
845 3396 1122 3459 fortasse
1187 3394 1346 3458 alias
1404 3394 1654 3457 formas
1699 3394 1913 3457 Furiis
1960 3395 2252 3458 attribuit
2297 3395 2418 3457 nisi
2467 3415 2594 3473 eaS,
2644 3416 2813 3477 quae

561 3511 694 3574 iam
786 3530 874 3572 ex
939 3507 1420 3591 antiquioribus
1511 3507 1919 3590 temporibus
1987 3515 2169 3571 erant
2236 3517 2448 3586 notae,
2520 3529 2813 3594 quasque

638 3763 684 3828 ι)
717 3760 992 3819 LucretiuS‚
1021 3758 1153 3822 1111,
1191 3757 1454 3822 770-776
1489 3755 1629 3823 (edit.
1666 3757 1760 3816 IV,
1796 3757 2053 3819 Lachm.):

922 3852 1058 3899 Nam
1093 3850 1146 3899 fit
1179 3857 1233 3899 ut
1266 3850 1316 3898 in
1349 3849 1538 3900 somnis
1572 3848 1734 3898 facere
1769 3847 1867 3898 hoc
1900 3848 2129 3898 videatur
2161 3849 2351 3914 imago:

921 3943 1121 4008 qnippe,
1154 3942 1240 3991 ubi
1273 3942 1438 4007 prima
1471 3940 1602 4006 perit
1633 3941 1831 4006 alioque
1867 3946 1939 3990 est
1973 3941 2127 3990 altera
2159 3947 2275 3988 nata

919 4034 1035 4084 inde
1067 4039 1211 4095 statu,
1245 4033 1382 4098 prior
1414 4031 1498 4082 hic
1525 4037 1718 4097 gestum
1754 4037 1973 4081 mutasse
2005 4031 2217 4081 videtur.

919 4125 1135 4188 Scilicet,
1168 4125 1221 4175 id
1255 4126 1361 4175 fieri
1395 4124 1544 4175 celeri
1578 4125 1772 4174 ratione
1805 4123 2154 4190 putandumst=

916 4225 1054 4268 tanta
1089 4223 1164 4266 est
1197 4216 1452 4266 mobilitas
1485 4222 1535 4266 et
1575 4231 1743 4266 rerum
1776 4214 1924 4280 copia
1956 4221 2111 4274 tanta,

919 4316 1156 4374 tantaque
1189 4308 1413 4358 sensibili
1447 4308 1624 4373 quovis
1658 4313 1733 4356 est
1767 4312 1992 4371 tempore
2027 4305 2079 4355 in
2114 4322 2216 4355 uno

920 4401 1065 4468 copia
1096 4399 1464 4467 particularum,
1499 4405 1552 4449 ut
1585 4399 1745 4465 possit
1778 4397 2116 4466 suppeditare.

632 4491 730 4543 Csr.
764 4493 915 4543 etiam
948 4494 1013 4543 V.
1054 4492 1397 4558 1169—1171.
2014 4481 2019 4484 ’
