3442 4975
1702 399 1826 446 100

632 573 833 655 repeti
905 591 1039 634 non
1106 580 1365 654 poterat
1409 591 1648 653 neque
1716 572 1783 633 in
1854 570 2173 653 Aeschyli
2241 573 2582 654 tragoedia
2650 571 2735 635 ab
2798 592 2881 635 eo

634 684 1062 768 repetebatur.
1112 691 1166 763 1)
2244 741 2259 746 ‚

719 800 902 882 Quid
968 800 1214 882 igitur?
1307 800 1543 864 Fuitne
1604 798 1854 863 Chiron
1899 800 2075 882 apud
2122 798 2536 882 Aeschylum
2588 799 2880 863 mortalis

628 935 710 977 an
786 934 944 978 vero
1013 913 1436 978 immortalis?
1529 911 1861 995 Equidem
1934 921 2096 996 puto
2165 912 2271 976 hic
2338 913 2876 994 distinguendum

629 1047 794 1090 esse.
857 1027 1032 1089 Nam
1080 1028 1260 1110 quod
1305 1027 1388 1091 ad
1434 1036 1641 1090 artem
1688 1026 2029 1110 Aeschyli,
2078 1028 2190 1110 qui
2242 1027 2707 1092 Prometheum
2757 1028 2879 1089 im-

631 1139 977 1214 mortalem,
1048 1142 1222 1218 fecit,
1293 1159 1445 1218 non,
1517 1149 1588 1205 ut
1672 1140 2151 1223 ApollodoruS,
2225 1140 2591 1212 mortalem,
2668 1135 2881 1203 ⁴etiam

631 1253 880 1318 Chiron
951 1255 1334 1319 immortalis
1404 1255 1546 1330 fuit,
1619 1255 1781 1317 deus
1852 1255 2027 1317 enim
2097 1254 2332 1337 aliquis
2398 1254 2577 1347 solus
2638 1255 2880 1336 dignus

629 1377 788 1446 erat,
836 1369 948 1452 qui
995 1388 1118 1451 pro
1163 1369 1293 1431 alio
1339 1367 1464 1430 deo
1512 1369 1873 1450 puniretur,
1922 1388 2137 1450 neque
2186 1388 2462 1451 usquam
2501 1367 2881 1452 Aeschylus

630 1483 787 1545 dicit
829 1491 944 1545 aut
992 1480 1453 1544 Prometheum
1500 1491 1614 1545 aut
1660 1480 2012 1544 Chironem
2063 1483 2228 1545 mori
2276 1482 2533 1560 debere,
2581 1484 2696 1546 sed
2727 1483 2879 1545 Pro·

630 1595 932 1659 metheus
952 1603 1305 1677 postquam
1330 1595 1394 1656 in
1419 1595 1692 1658 Tartaro
1717 1596 2003 1670 iacuerit,
2035 1596 2269 1658 iterum
2294 1596 2417 1659 sub
2443 1595 2598 1658 divo
2622 1595 2879 1678 aquilae

629 1717 840 1772 rostro
889 1708 1292 1785 lacerabitur,
1342 1707 1553 1770 donec
1602 1706 1850 1771 Chiron
1890 1709 2036 1770 eius
2084 1707 2340 1773 doleres
2376 1710 2442 1772 in
2468 1730 2540 1772 se
2559 1689 2879 1792 suscipiat

629 1815 696 1885 et
737 1842 859 1904 pro
907 1842 988 1885 eo
1034 1824 1098 1884 in
1145 1823 1491 1885 Tartarum
1541 1823 1631 1884 ire
1677 1821 1847 1884 velit.
1880 1820 2235 1885 Chironem
2261 1824 2435 1905 apud
2461 1821 2875 1906 Aeschylum

627 1957 760 1998 non
835 1945 906 1999 ut
976 1937 1361 1998 moriturum
1433 1934 1651 1998 induci
1721 1936 1861 2017 ipse
1932 1935 2395 2018 Naegelsbach
2467 1937 2879 2014 concederet,

627 2070 778 2113 nam
850 2050 904 2111 si
975 2049 1331 2112 moriturus
1402 2048 1730 2112 videretur
1787 2069 1888 2124 e0,
1935 2049 2116 2132 quod
2164 2050 2231 2111 in
2277 2050 2622 2113 Tartarum
2671 2049 2879 2113 iturus

626 2172 816 2241 esset,
889 2161 1137 2224 Chiron
1200 2161 1725 2244 Naegelsbachio
1776 2163 2005 2224 unicus
2052 2162 2215 2225 deus
2258 2182 2404 2225 esse
2450 2183 2583 2226 non
2628 2171 2873 2244 posset,

625 2277 739 2360 qui
801 2284 1182 2351 moreretur,
1248 2294 1401 2337 cum
1449 2275 1644 2338 etiam
1692 2275 1945 2356 priores
1994 2276 2080 2338 dii
2129 2275 2304 2357 apud
2353 2275 2764 2359 Aeschylum
2811 2277 2877 2338 in

626 2392 970 2453 Tartarum
1017 2388 1255 2451 deiecti
1304 2408 1446 2450 esse
1492 2389 1808 2451 dicantur.

720 2503 790 2568 Si
836 2512 1056 2566 tamen
1103 2512 1310 2565 artem
1338 2502 1653 2585 Aeschyli
1697 2523 1830 2565 non
1854 2504 2303 2586 respiciamuS‚
2326 2504 2441 2567 sed
2470 2524 2877 2585 quaeramuS,

624 2618 786 2699 quid
873 2614 1252 2697 Aeschylus
1339 2635 1562 2679 revera
1646 2617 2011 2695 crediderit,
2081 2638 2295 2699 neque
2364 2638 2492 2700 ego
2560 2618 2869 2681 existimo

627 2729 1045 2813 Aeschylum
1115 2729 1277 2791 tales
1345 2731 1522 2806 deoS,
1596 2730 1822 2812 quales
1870 2729 2199 2809 Centauri,
2245 2731 2615 2808 credidisse,
2664 2752 2878 2814 neque

629 2846 800 2911 hanc
846 2846 929 2907 de
973 2842 1318 2926 Aeschylo
1364 2844 1757 2938 opinionem-
1784 2844 1966 2908 alteri
2010 2846 2333 2927 imputare
2378 2846 2677 2909 audeam.
2726 2846 2878 2911 Sive

626 2961 824 3043 igitur
883 2959 1038 3021 artis
1097 2958 1233 3021 sive
1293 2978 1485 3020 verae
1546 2958 1866 3043 Aeschyli
1928 2960 2283 3022 sententiae
2342 2961 2590 3023 ratione
2636 2958 2873 3037 habita,

629 3094 955 3157 nusquam
1005 3070 1381 3155 Aeschylus
1425 3073 1682 3136 videtur
1720 3072 1990 3137 deorum
2016 3073 2482 3137 immortalitati
2509 3073 2874 3157 quidquam

629 3190 1042 3252 detrectasse.
1130 3184 1266 3249 Sed
1335 3185 1611 3249 fortasse
1657 3206 1791 3250 non
1838 3170 2120 3250 multum
2168 3187 2252 3249 de
2299 3187 2421 3250 hac
2470 3207 2538 3249 re
2583 3186 2873 3269 philoso-

623 3302 862 3385 phatus
930 3309 1046 3375 est,
1115 3300 1394 3362 credidit
1439 3309 1690 3363 tantum
1741 3300 1939 3363 deum
1986 3302 2204 3364 vivere
2250 3310 2315 3364 et
2361 3302 2683 3364 victurum
2732 3322 2873 3365 esse

624 3438 742 3500 per
809 3414 1070 3479 saecula
1113 3416 1198 3497 2),
1269 3415 1431 3477 vidit
1490 3424 1710 3477 autem
1760 3414 2105 3478 hominum
2151 3424 2430 3479 aetatem
2480 3417 2672 3478 aetati
2719 3438 2867 3481 suc·

625 3532 876 3605 cedere,
965 3549 1134 3611 quae
1202 3529 1435 3591 ambae
1507 3550 1606 3591 res
1674 3529 1869 3591 nullis
1938 3532 2411 3612 cogitationum
2481 3530 2873 3613 ambagibus

627 3643 881 3707 efficere
925 3643 1314 3720 debuerunt,
1378 3651 1449 3705 ut
1492 3650 1688 3724 poeta
1738 3644 2077 3707 mortalem
2124 3644 2470 3707 hominum
2518 3647 2716 3708 vitam
2767 3645 2871 3707 dei

630 3758 1098 3822 immortalitati
1147 3767 1529 3839 opponeret.

704 3908 750 3974 1)
797 3905 1093 3971 Aeschylus,
1145 3905 1313 3970 crede,
1364 3904 1716 3954 Prometheum
1766 3914 1850 3955 aut
1896 3906 2186 3969 Chironem,
2232 3913 2319 3956 aut
2351 3904 2506 3955 alium
2542 3922 2692 3970 quem
2727 3906 2873 3954 deum

627 4001 888 4050 mortalem
936 3996 1360 4046 immortalitatem
1408 3996 1644 4045 habuisse
1692 3997 1862 4046 statuit
1897 4010 1950 4046 ut
1983 3998 2117 4062 apud
2153 3997 2521 4063 Apollodorum
2557 3997 2592 4046 l.
2628 4012 2778 4061 supra
2811 3996 2873 4049 L!

625 4097 806 4160 Neque
851 4093 1226 4159 Apollodorum
1276 4093 1327 4141 in
1377 4093 1467 4141 has
1514 4094 1723 4159 ineptias
1772 4094 1933 4142 abisse
1976 4094 2153 4156 sentio,
2188 4095 2377 4159 quippe
2411 4094 2496 4159 qui
2530 4101 2632 4143 tam
2667 4093 2875 4142 ridicule

624 4193 711 4241 illa
744 4191 897 4240 verba
929 4190 1057 4237 inter
1092 4202 1145 4237 se
1180 4189 1466 4253 opposuerit
1501 4196 1553 4237 ut
1587 4189 1800 4254 quisque
1835 4187 1983 4237 facile
2016 4188 2295 4252 intellegat,
2331 4187 2450 4251 quid
2484 4187 2688 4236 senserit
2720 4186 2873 4252 (Csr.:

635 4288 832 4348 ....μὴ
883 4281 1186 4340 δυνάμενος
1235 4279 1563 4345 τελευτῆσαι
1617 4283 1841 4347 ἐπείπερ
1892 4280 2181 4337 ἀθάνατος
2230 4268 2421 4344 ἦν....
2469 4279 2761 4327 ἀπέθανεν
2797 4286 2873 4327 et:

625 4376 887 4442 παρέσχε.
909 4412 920 4423 .
942 4410 954 4423 .
977 4412 989 4423 .
1030 4370 1279 4439 Χείρωνα
1319 4374 1582 4437 θνήσκειν
1620 4372 1949 4435 ἀθάνατον).

693 4466 742 4533 2)
779 4467 956 4532 Suppl.
991 4475 1117 4530 555:
1155 4466 1296 4521 Ζεὺς
1332 4468 1518 4521 αἰῶνος
1556 4467 1714 4531 κρέων
1754 4466 2060 4515 ἀπαύστου.
2083 4503 2124 4516 ..
