3442 4975
1641 380 1805 463 ,58

635 571 899 656 quando
965 572 1048 634 ab·
1114 570 1271 633 Iove
1310 568 1609 651 repetet.
1672 568 1845 632 'Inde
1914 568 2076 632 illud
2114 572 2472 648 ίμιιηζιιονιες.
2510 568 2615 650 ·’ῑ’)
2710 566 2881 633 Cum

635 688 833 769 igitur
900 685 1278 767 imprecatio
1349 686 1605 765 Κρόνου
1671 682 1849 748 Iovis
1898 693 2137 747 sortem
2182 684 2687 767 quodammodo
2734 682 2885 747 defi-

635 802 768 862 nire
837 798 1091 877 debeat,
1165 806 1433 861 eatenus
1483 797 1610 860 dici
1648 793 1876 880 possit·-
1904 794 2386 880 eam'oimicyxng
2432 798 2880 877 οἷακοστρόφον

634 928 803 990 esse,
833 950 838 957 -
871 912 985 975 sed
1027 930 1298 989 revera·
1338 911 1481 992 ipsa
1528 916 1823 993 estpars
1870 914 1983 988 τῆς
2028 910 2331 992 ἀνάγκης,
2379 932 2581 995 quam
2628 912 2881 990 Μοῖραι

635 1026 1000 1109 'gubernant
1049 1024 1146 1106 2)..
1203 1022 1337 1087 Sed
1385 1045 1466 1088 ne
1513 1026 1608 1087 sic
1652 1025 1924 1107 quidem
1972 1010 2244 1105 Μοιρῶν
2292 1034 2591 1108 potestas
2631 1026 2884 1107 integra

635 1140 873 1215 evadit,
943 1145 1106 1201 nam
1165 1138 1596 1202 Prometheus
1666 1140 1803 1201 &im
1874 1138 2047 1201 illius
2074 1138 2301 1220 ..d9&3‚
2371 1140 2413 1203 i.
2458 1160 2519 1203 e.
2582 1138 2881 1219 Μοιρῶν,

634 1254 864 1318 tollere
929 1262 1164 1336 potest,
1239 1262 1310 1317 ut
1380 1254 1520 1335 ipse
1589 1253 1747 1317 dicit
1816 1274 1921 1317 vv.
1990 1270 2361 1334 912—913·
2414 1261 2482 1317 et
2520 1250 2881 1333 .767--·768

637 1369 808 1452 (vide
875 1367 995 1431 hos
1065 1389 1289 1433 versus
1371 1364 1437 1449 p'.
1515 1366 1595 1448 56
1665 1368 2030 1457 laudatos).*
2114 1366 2399 1449 Quodsi..
2452 1367 2653 1430 modo
2724 1368 2886 1438 Ζεύς

636 1483 721 1566 (ν.
753 1481 926 1566 261),
973 1481 1174 1544 modo
1225 1480 1656 1561 Prometheus
1705 1484 1821 1561 τὴν
1869 1485 2094 1562 μοῖραν
2141 1482 2225 1544 ad
2270 1481 2605 1545 arbitrium
2634 1490 2885 1545 mutare

636 1603 876 1678 potest,
947 1616 1116 1678 quae
1182 1595 1450 1659 tandem
1511 1593 1652 1659 eius
1715 1596 1817 1658 vis
1864 1605 2088 1664 manet
2130 1604 2245 1659 aut
2273 1598 2671 1680 quam-vim
2720 1596 2883 1658 Pro-

641 1711 884 1774 methei
932 1711 1147 1774 verbis
1199 1710 1287 1794 (v.
1337 1712 1487 1795 518)
1532 1711 1945 1775 tribuendam
1977 1732 2139 1775 esse
2183 1711 2604 1793 putabimus?
2656 1706 2679 1771 .’

729 1825 887 1887 Non
956 1834 1055 1889 est
1121 1826 1320 1908 igitur
1381 1846 1497 1887 cur
1555 1835 1865 1908 putemus
1914 1828 2180 1907 Μοῖραν
2229 1826 2335 1888 vel
2382 1824 2643 1908 Μοίρας
2688 1845 2886 1907 supra

641 1940 868 2003 Iovem
931 1960 1096 2019 esse,
1158 1938 1333 2003 hunc
1391 1949 1614 2004 autem
1661 1961 1887 2003 earum
1934 1942 2317 2005 ministrum.
2396 1936 2619 2005 Unum
2664 1942 2884 2005 tamen

640 2074 772 2115 non
843 2074 1188 2135 negamus,
1260 2053 1474 2137 Supra
1536 2055 1623 2138 (p.
1678 2057 1783 2140 51)
1847 2056 1977 2120 iam
2041 2058 2418 2119 monuimus
2463 2057 2547 2119 ²in
2592 2054 2886 2119 Eumeni.-

639 2166 820 2230 dibus
880 2177 944 2232 et
1001 2167 1386 2239 Prometheo·
1425 2190 1563 2232 rem
1610 2191 1742 2233 non
1786 2178 1925 2233 tam
1972 2171 2138 2234 inter
2183 2163 2503 2238 homines·
2528 2166 2636 2253 agi
2687 2190 2881 2253 quam

639 2284 802 2345 inter
872 2283 1052 2345 deos,
1121 2283 1486 2346 -Praeterea
1555 2284 1621 2346 in
1691 2292 1968 2367 utraque
2036 2282 2161 2347 hac
2206 2284 2547 2366 tragoedia
2590 2284 2885 2366 priorum

639 2398 916 2459 deorum
966 2398 1210 2460 mentio
1259 2397 1346 2475 fit,
1397 2398 1712 2480 quodque
1760 2406 1825 2462 et
1871 2399 1936 2460 in
1980 2397 2434 2461 Eumenidz'bit's
2456 2399 2609 2461 etin
2633 2398 2885 2461 Prome>-

640 2511 775 2574 theo
843 2512 928 2573 dii
1000 2508 1332 2594 Olympici
1403 2509 1529 2592 νέοι
1599 2513 1740 2573 θεοὶ
1807 2512 2263 2596 appellantur,‘
2303 2513 2539 2578 eodem
2585 2513 2885 2595 pertinet.

641 2625 776 2706 Qui
844 2626 1094 2707 antiqui
1161 2626 1274 2703 dii,
1320 2626 1398 2688 <si
1469 2626 1554 2689 de
1621 2627 1817 2690 rebus
1884 2626 2189 2690 humanis
2256 2648 2473 2691 sermo
2518 2636 2638 2705 est,
2666 2627 2883 2694 deleti

637 2736 1062 2820 perhibentur
1109 2740 1194 2823 3),
1265 2741 1451 2823 quasi
1517 2738 1896 2825 Aeschylus
1944 2741 2159 2805 dicere
2189 2737 2433 2814 ¹vellet:
2484 2743 2729 2825 quod
2778 2743 2885 2805 ad

640 2851 1102 2930 homines»,
1152 2873 1333 2916 non
1373 2853 1885 2937 antiquior
1931 2854 2167 2918 deus
2215 2863 2359 2918 est
2392 2876 2674 2938 neque
2722 2856 2887 2919 fuit

641 2986 905 3048 quam
968 2968 1230 3044 Ζεύς,
1291 2967 1450 3030 sed
1505 2969 1793 3031 sires
1853 2966 2309 3032 humanas
2372 2969 2887 3057 paulisper

642 3080 984 3142 missas
1045 3081 1514 3144 faciamus
1575 3081 1813 3164 etde
1861 3082 2073 3144 solo
2121 3083 2501 3146 numine
2548 3083 2885 3146 divino

641 3195 1091 3275 cogitare
1153 3195 1754 3287 incipiamuS,
1800 3196 2192 3273 videtur
2238 3194 2465 3260 olim
2511 3206 2885 3279 tempus

640 3307 962 3385 fuisse,
999 3330 1211 3371 vcum
1258 3309 1688 3392 ipseZetig
1736 3311 2143 3376 nondum
2190 3305 2596 3388 exstaret,
2645 3312 2761 3373 ita
2800 3319 2887 3373 ut

639 3441 755 3499 ea,
789 3443 1017 3503 ⁴quae
1064 3432 1257 3487 ante
1303 3423 2005 3502 Iovem-fuerunt,
2052 3424 2739 3507 haud-quaquam
2786 3445 2887 3487 ex

642 3536 822 3597 eius
868 3545 1304 3617 potestate
1349 3538 1840 3619 penderent.
1883 3536 2503 3621 Omnia-igitur
2538 3537 2888 3621 ea,qu'ae

716 3734 758 3800 1)
795 3736 932 3784 Vide
965 3735 1205 3800 Klaqsen,
1242 3735 1422 3784 Theol.
1459 3736 1700 3801 Aeschyli
1737 3744 1881 3802 trag„
1916 3754 1966 3803 p.
1999 3717 2085 3799 ‘41.
2116 3790 2121 3799 ,

709 3827 759 3894 2)
811 3829 925 3877 Nisi
973 3828 1182 3877 fortasse
1230 3828 1358 3877 haec
1413 3827 1518 3895 ἆρὰ
1565 3829 1654 3884 vel,
1691 3828 1914 3897 Ἐρινὺς
1960 3830 2113 3896 patris
2146 3831 2285 3880 Iovis
2320 3847 2471 3880 unum
2506 3847 2567 3880 ex
2601 3830 2886 3878 Promethei

642 3920 918 3970 mendaciis
970 3927 1059 3982 est,
1095 3937 1214 3985 ·quo
1266 3935 1505 3970 concesso
1557 3921 1708 3971 etiam
1762 3923 1889 3972 illud
1942 3917 2209 3989 μνήμονες
2262 3923 2311 3971 τ’
2362 3921 2607 3990 Ἐρινύες
2638 3920 2795 3971 ‘mera
2840 3929 2889 3971 et

641 4012 810 4061 inania
842 4012 994 4061 verba
1027 4019 1153 4062 sunt.
1189 4011 1434 4081 Ἐρινύες
1471 4013 1604 4062 enim
1640 4014 1779 4078 ipsae
1814 4014 1990 4064 dicunt
2006 4017 2164 4065 Eum.
2185 4028 2482 4080 339—340:
2520 4016 2887 4080 γιγνομέναισι

645 4103 787 4170 λάχη
822 4103 962 4153 τάδε
1000 4104 1078 4163 ἐφ’
1115 4089 1245 4164 ἇμιν
1281 4104 1551 4172 ἐκράνθη,
1590 4105 1980 4158 ἀθανάτων
2016 4106 2083 4155 δ”
2122 4107 2421 4173 ἀπέχειν
2456 4107 2685 4173 χέρας.

711 4195 760 4259 3)
813 4196 945 4246 Vide
1008 4197 1190 4262 Agam.
1263 4197 1543 4262 156—160,
1607 4198 1673 4246 ad
1726 4214 1852 4262 quos
1902 4214 2073 4248 versus
2128 4199 2393 4248 Wecklein
2425 4201 2677 4249 'annotatt
2746 4199 2888 4259 „Der

643 4288 855 4336 Dichter
904 4289 1072 4337 deutet
1122 4288 1278 4337 damit
1326 4288 1462 4337 wohl
1497 4280 1580 4349 an,'
1611 4277 1728 4338 dass
1762 4289 1851 4340 der
1888 4276 2228 4354 Mythus'von
2259 4280 2465 4340 'Uranus
2502 4289 2736 4338 ziemlich
2772 4305 2887 4339 ver-

641 4381 796 4429 blasst
832 4380 934 4429 und
968 4380 1282 4429 verschollen
1317 4380 1472 4429 war.'’
1508 4407 1576 4417 -—-
1609 4381 1741 4430 Item
1776 4381 1959 4429 chorus
1993 4381 2045 4429 in
2080 4381 2255 4431 Prom.
2291 4397 2338 4432 v.
2379 4391 2472 4446 152
2508 4381 2654 4432 dicit:

1242 4463 1318 4522 τὰ·
1347 4474 1477 4540 πρὶν
1512 4472 1578 4522 δὲ
1610 4471 1846 4542 πελώρια
1884 4475 1981 4522 νῦν
2018 4472 2206 4524 ἀιστοῖ.
