3442 4975
1618 414 1685 461 11

521 588 781 649 nienses
831 586 1118 648 initiatos
1167 586 1367 648 fuisse
1424 586 1502 666 1);
1554 585 1651 646 11⁰
1699 585 1856 647 Non
1896 606 2039 647 esse
2086 585 2413 648 initiatum
2462 588 2778 669 impietati

521 721 663 763 esse
717 700 990 763 ductum
1044 698 1141 780 2);
1193 698 1324 760 111⁰
1369 698 1888 780 Aristophanem
1937 696 2352 781 Aeschylum
2400 699 2561 763 haec
2584 701 2782 764 verba

523 816 854 878 dicentem
901 813 1208 876 inducere
1254 812 1452 895 (Ran.
1504 812 1884 896 886-887)
1936 818 2031 893 3):

976 928 1291 1007 Δήμητερ,
1341 952 1378 1007 η
1433 923 1743 1007 θρέψασα
1792 928 1912 1004 τὴν
1962 926 2115 1006 ἐμὴ-ν
2161 924 2382 1007 φρένα,

970 1032 1132 1101 εἷναί
1178 1063 1251 1120 με
1301 1043 1434 1103 τῶν
1483 1045 1613 1101 σῶν
1661 1038 1844 1113 ἄξιον
1890 1039 2273 1123 μυστηρίων.

619 1155 822 1237 Quod
891 1156 970 1217 ad
1044 1156 1328 1237 primam·
1396 1176 1555 1233 rem,
1626 1155 1779 1218 inde
1849 1175 1980 1218 non
2044 1156 2316 1220 efficitur
2362 1155 2778 1238 Aeschylum

525 1269 987 1351 excipiendum
1058 1291 1190 1334 non
1238 1290 1403 1345 esse,
1450 1290 1603 1332 cum
1649 1268 1959 1351 permulti
2009 1271 2337 1351 mysteriis
2386 1290 2516 1333 non
2565 1279 2781 1333 essent

528 1382 758 1446 initiati
805 1383 894 1465 4).
966 1382 1168 1464 Quod
1237 1383 1322 1445 ad
1394 1385 1817 1465 impietatem,
1891 1384 2207 1445 memoria
2278 1383 2634 1447 tenendum
2684 1392 2783 1446 est

526 1498 940 1581 Aeschylum
988 1499 1072 1561 de
1118 1498 1241 1561 hac
1291 1519 1360 1561 re
1406 1497 1592 1560 aliter
1637 1518 1713 1560 ac
1758 1498 2083 1581 populum
2131 1497 2419 1561 iudicare
2464 1499 2779 1581 potuisse.

525 1611 753 1694 Magni
841 1620 1061 1674 tamen
1152 1613 1467 1675 momenti
1562 1632 1705 1674 esse
1774 1611 2031 1674 videtur
2092 1612 2275 1688 illud,
2345 1614 2525 1694 quod
2591 1614 2782 1675 tertio

527 1726 713 1789 attuli
762 1726 930 1803 locO,
981 1747 1133 1788 nam
1182 1726 1549 1789 Klausenio
1603 1726 1662 1808 5)
1709 1726 2029 1787 assentior
2076 1725 2595 1808 Aristophanem
2620 1725 2783 1789 haec

534 1842 702 1917 „sim
819 1842 950 1903 tuis
1056 1842 1298 1922 dignus
1409 1837 1779 1924 mysteriis‘’
1873 1860 2006 1903 non
2096 1850 2341 1904 temere
2432 1840 2777 1924 Aeschylo

524 1953 918 2028 attribuisse,
1011 1962 1078 2015 et
1167 1953 1316 2015 licet
1407 1953 1701 2016 nonnulli
1795 1951 1923 2014 hoc
1994 1953 2144 2015 inde
2215 1961 2527 2036 repetant,
2597 1953 2780 2035 quod

530 2066 906 2149 Aeschylus
954 2066 1323 2147 Eleusinius
1371 2067 1513 2143 suit,
1562 2066 1628 2145 6)
1673 2066 1980 2149 equidem
2038 2066 2207 2129 hane
2254 2068 2460 2149 ipsam
2508 2066 2596 2131 ob
2643 2087 2781 2130 rem

530 2188 695 2263 puto
766 2178 1178 2261 Aeschylum
1251 2178 1377 2241 illis
1449 2181 1783 2261 mysteriis·
1843 2180 2129 2241 maxime
2200 2199 2601 2261 propensum
2648 2200 2782 2243 non

532 2314 677 2357 esse
795 2313 926 2355 non
1018 2293 1330 2374 potuisse.
1448 2292 1684 2374 Neque
1775 2294 1970 2373 igitur
2059 2292 2327 2354 credere
2417 2292 2780 2356 dubitarem

533 2407 946 2492 Aeschylum
995 2407 1320 2479 initiatum
1367 2406 1586 2483 fuisse,
1636 2407 1753 2469 nisi
1803 2406 2157 2469 nonnullae
2183 2428 2283 2469 res
2308 2405 2462 2471 huic
2490 2407 2782 2492 opinioni

532 2522 792 2586 obstare
861 2521 1259 2585 viderentur.
1331 2520 1707 2603 Aeschylus
1769 2522 1945 2584 enim
2011 2523 2475 2603 mysteriorum
2521 2523 2781 2605 pervul-

531 2637 902 2719 gandorum
970 2643 1311 2697 accusatus
1381 2633 1469 2715 7),
1539 2636 1593 2697 si
1664 2634 2004 2698 Aristoteli
2075 2634 2234 2697 fides
2305 2645 2402 2699 est
2461 2635 2781 2715 habenda,

529 2748 854 2813 iudicibus
945 2749 1274 2830 respondit
1371 2769 1440 2810 se
1534 2769 1610 2811 ea
1701 2769 1939 2812 arcana
2008 2770 2151 2813 esse
2213 2751 2485 2813 nescire.
2583 2750 2782 2814 Unde

529 2863 749 2944 colligi
817 2883 1016 2945 posse
1086 2862 1340 2938 videtur
1408 2860 1823 2945 Aeschylum
1896 2884 2028 2926 non
2076 2864 2276 2927 fuisse
2321 2865 2665 2928 initiatum.
2716 2865 2779 2946 8)

530 2978 865 3040 Praeterea
935 2975 1240 3039 Clemens
1309 2975 1804 3040 Alexandrinus
1852 2978 2109 3040 disertis
2157 2977 2371 3041 verbis
2418 2977 2580 3041 dicit
2625 2999 2779 3041 eum

530 3113 661 3155 non
711 3092 1030 3154 initiatum
1078 3087 1292 3154 fuisse.
1346 3089 1601 3171 Quodsi
1651 3093 1796 3173 quis
1843 3091 2117 3169 dubitat,
2168 3112 2325 3154 num
2378 3090 2779 3174 Aeschylus,

530 3204 583 3267 si
668 3201 1128 3288 mysteriorum
1198 3205 1521 3286 particeps
1594 3225 1725 3267 non
1794 3204 2003 3280 suerit,
2074 3224 2151 3266 ea
2221 3205 2286 3265 in
2355 3224 2590 3267 scaena
2638 3204 2779 3268 imi-

527 3321 645 3384 tari
694 3329 807 3383 aut
851 3338 1151 3381 enarrare
1197 3320 1502 3400 potuerit,
1552 3338 1706 3380 eum
1756 3337 1995 3381 moneo
2046 3317 2459 3380 Lobeckium
2502 3318 2778 3381 demon-

598 3493 644 3559 1)
679 3492 782 3543 cfr.
819 3493 1048 3549 Lobeck,
1082 3492 1334 3557 Aglaoph.
1373 3492 1661 3556 Regimont.
1703 3491 1849 3553 1829,
1886 3492 1929 3554 1,
1964 3509 2015 3556 p.
2052 3505 2141 3546 20:
2179 3491 2234 3540 P.
2271 3490 2490 3556 Stengel,
2517 3491 2617 3540 Die
2635 3491 2780 3540 Grie-

526 3584 762 3632 chischen
801 3583 1272 3633 Kultusaltertnmer
1305 3584 1626 3650 (Handbuch
1645 3585 1736 3633 der
1754 3585 2061 3633 klassischen
2080 3565 2782 3644 Altertumswissenschaften,

524 3675 590 3735 V,
628 3674 693 3738 3),
728 3671 1005 3735 Mfinchen,
1046 3674 1190 3739 1890,
1224 3693 1273 3741 p.
1316 3687 1427 3726 120.

601 3766 652 3833 2)
688 3766 913 3830 Lobeck,
950 3767 1204 3832 Aglaoph.
1243 3768 1286 3828 I,
1320 3784 1372 3832 p.
1408 3780 1624 3818 20—21.

601 3857 652 3923 3)
689 3857 827 3907 Edit.
863 3858 962 3910 Th.
999 3858 1169 3917 Kock‚
1207 3858 1339 3908 Berl.
1381 3858 1522 3909 1881.

597 3948 651 4014 4)
685 3950 819 3999 Vide
853 3949 909 3998 P.
945 3950 1167 4014 Stengel,
1203 3951 1303 4000 Die
1338 3951 1539 4002 Griech.
1579 3951 1873 4018 Kultusalt.,
1907 3969 1957 4017 p.
1997 3964 2105 4002 120.

595 4039 644 4105 5)
680 4040 930 4105 Theolog.
965 4040 1205 4104 Aeschyli
1241 4042 1432 4110 tragici,
1470 4043 1520 4091 in
1557 4059 1665 4108 cap.
1706 4044 1766 4093 18
1802 4044 1867 4092 de
1908 4042 2104 4093 Cerere.

591 4130 641 4196 6)
677 4131 808 4180 Vide
858 4139 1028 4180 annot.
1080 4133 1143 4180 ad
1198 4133 1328 4182 Rau.
1381 4151 1428 4182 v.
1484 4147 1581 4196 913
1632 4133 1733 4200 (ed.
1786 4133 1973 4196 Burm.)
2023 4140 2073 4182 et
2134 4134 2216 4181 W.
2252 4133 2435 4193 Christ,
2471 4133 2657 4183 Gesch.
2690 4134 2780 4182 der

525 4240 602 4288 gr.
639 4223 760 4272 Litt.
793 4240 842 4287 p.
885 4236 994 4286 177.

596 4317 644 4375 7)
686 4314 833 4364 Arist.
870 4315 1037 4364 Ethic.
1075 4317 1274 4365 Nicom.
1313 4317 1412 4377 111,
1452 4329 1479 4364 2
1515 4324 1563 4366 et
1599 4317 1877 4366 Eustratius
1912 4318 1974 4366 ad
2012 4318 2144 4367 hunc
2180 4319 2375 4379 locum;
2409 4317 2557 4367 etiam
2579 4316 2779 4364 Aelian.

526 4407 643 4454 Var.
681 4406 797 4458 hist.
834 4407 898 4468 V,
938 4420 1026 4469 193
1065 4407 1298 4456 Clemens
1333 4409 1484 4457 Alex.
1519 4409 1702 4458 Strom.
1740 4409 1810 4460 ΙΙ.
1843 4424 1891 4473 p.
1926 4409 2043 4468 461.

596 4495 652 4562 8)
683 4496 782 4548 Cfr.
819 4497 1045 4559 Lobeck,
1082 4499 1353 4563 Aglaoph.,
1389 4499 1430 4558 1,
1467 4500 1531 4548 82
1568 4499 1665 4563 [kJ.
