3442 4975
1677 385 1761 453 72

601 559 878 642 Erinyes
925 559 1200 622 fortasse
1249 557 1578 622 debebant
1625 557 1934 633 nubibuS,
1985 577 2153 640 quae
2201 558 2579 623 hominibus
2626 561 2853 625 credu-

596 673 670 736 lis
739 672 898 736 olim
968 672 1033 734 in
1095 681 1386 736 monstra
1452 672 1632 734 abire
1702 672 2107 736 videbantur.
2169 672 2226 756 1)
2296 671 2428 737 Sed
2494 676 2647 756 quia
2693 674 2855 738 haec

595 789 948 852 formarum
1020 787 1298 851 varietas
1374 787 1620 870 optime
1694 787 1760 848 in
1805 793 2041 869 poetae
2088 787 2170 850 de
2219 787 2429 850 Furiis
2479 789 2852 871 opinionem

601 902 982 987 quadrabat,
1053 901 1502 965 admirabilem
1574 900 1639 963 in
1711 901 1984 964 modum
2054 899 2157 963 his
2219 901 2412 964 variis
2460 903 2856 985 imaginibus

605 1037 762 1079 usus
809 1025 926 1094 est,
977 1015 1216 1098 quibus
1263 1014 1443 1096 quod
1489 1014 1828 1090 sentiebat,
1876 1015 2130 1098 poetice
2178 1017 2593 1099 exprimeret.

690 1130 969 1212 Erinyes
1017 1111 1214 1210 igitur
1257 1148 1514 1211 semper
1560 1136 1819 1192 exstant
1844 1137 1909 1193 et
1935 1129 2196 1207 adsunt,
2226 1129 2598 1212 ubicunque
2622 1130 2856 1213 aliquis

603 1264 685 1308 ex
735 1245 940 1328 impio
988 1253 1053 1307 et
1075 1243 1324 1306 nefario
1350 1243 1637 1306 facinore
1663 1242 1990 1306 maculam
2017 1244 2340 1324 concepit.
2391 1244 2590 1309 Unde
2613 1244 2857 1309 factum

604 1368 725 1438 est,
771 1366 844 1422 ut
890 1359 1027 1441 ipse
1073 1358 1251 1436 Ζεύς,
1301 1359 1546 1441 quippe
1593 1358 1706 1440 qui
1753 1366 2007 1440 patrem
2057 1361 2305 1440 Κρόνον
2344 1358 2681 1440 vinxisset,
2707 1381 2860 1423 suas

603 1472 846 1535 habere
915 1471 1194 1554 Erinyes
1264 1472 1607 1547 diceretur,
1671 1479 1737 1535 et
1781 1470 1905 1536 hae
1953 1473 2116 1536 deae
2164 1493 2240 1535 ea
2288 1492 2374 1534 ex
2419 1481 2603 1555 parte
2650 1473 2859 1536 fatum

549 1607 554 1610 ·
607 1588 783 1650 Iovis
829 1586 1317 1662 constituerent,
1367 1586 1407 1649 i.
1448 1605 1504 1648 e.
1555 1584 1679 1648 hoc
1720 1594 2010 1667 agerent,
2053 1593 2124 1648 ut
2149 1587 2309 1657 Ζεύς
2333 1606 2491 1649 suae
2519 1585 2861 1668 impietatis

605 1713 852 1783 poenas
920 1698 1220 1762 solveret.
1272 1703 1332 1776 2)
1425 1699 1602 1761 Nam
1672 1700 1809 1781 ipse
1880 1698 2310 1763 Prometheus
2381 1700 2537 1763 dicit
2586 1699 2653 1782 3)
2701 1699 2861 1763 illud

609 1795 1123 1890 matrim-onium,
1195 1813 1374 1896 quod
1445 1812 1586 1875 Iovi
1656 1812 1846 1877 fatale
1894 1822 2086 1890 esset,
2136 1815 2191 1876 ei
2241 1814 2579 1885 imminere
2627 1836 2715 1876 ex
2761 1835 2865 1892 (το,

615 1928 794 2011 quod
862 1927 1062 2009 patris
1133 1928 1383 2008 Κρόνου
1447 1947 1598 1990 eum
1646 1935 2147 2009 persequeretur
2194 1925 2339 2008 ἄρά,
2388 1927 2457 2009 4)
2504 1926 2633 2005 vel,
2680 1927 2863 2010 quod

610 2043 786 2106 idem
833 2051 952 2120 est,
1002 2043 1260 2123 Erinys,
1313 2042 1374 2125 5)
1467 2041 1599 2106 Sed
1646 2043 1829 2125 quid,
1876 2043 2058 2125 quod
2106 2043 2411 2124 ErinyeS,
2460 2065 2863 2127 quamquam

612 2159 751 2218 θεοὶ
823 2152 1208 2238 παλαίτεραι
1281 2164 1452 2230 sunt,
1522 2177 1692 2238 quae
1766 2178 1960 2220 suum
2022 2178 2261 2220 munus
2310 2157 2553 2221 habent
2600 2177 2677 2220 ex
2733 2177 2869 2240 quo

613 2279 765 2334 sunt
833 2278 1039 2346 natae,
1086 2267 1214 2332 hoc
1263 2290 1504 2332 munus
1551 2278 1773 2333 tamen
1817 2291 1858 2333 a
1904 2271 2028 2333 diis
2076 2277 2520 2354 acceperunt?
2590 2270 2867 2336 Constat

614 2384 678 2445 in
741 2381 1190 2444 Eumenz'dz'bus
1259 2381 1348 2444 illi
1429 2384 1697 2465 antiquo
1768 2385 1957 2462 mori,
2050 2406 2183 2468 quo
2252 2386 2316 2448 in
2396 2407 2515 2448 sua
2588 2385 2867 2468 quisque

614 2518 811 2559 causa
857 2504 995 2557 erat
1037 2495 1260 2571 iudex,
1309 2496 1590 2559 salutare
1636 2498 2024 2576 institutum,
2074 2500 2178 2561 cui
2218 2520 2461 2561 nomen
2485 2499 2868 2581 AreopagO,

615 2610 878 2692 opponi.
928 2608 1083 2689 Quo
1129 2608 1370 2671 factum
1420 2618 1538 2687 est,
1590 2618 1660 2673 ut
1705 2611 2107 2694 Aeschylu3‚
2148 2634 2551 2696 quamquam
2594 2615 2869 2697 Erinyes

615 2728 672 2789 ei
745 2722 1228 2806 προσωποποιία
1295 2732 1619 2805 angorum
1710 2727 1910 2788 animi
2007 2728 2242 2809 quovis
2328 2727 2572 2791 scelere
2640 2727 2868 2811 agitati

617 2846 818 2915 erant,
887 2858 996 2899 eas
1066 2838 1131 2899 in
1200 2835 1322 2899 hac
1389 2838 1727 2921 tragoedia
1792 2841 2141 2922 praecipue
2210 2841 2294 2903 ad
2364 2840 2548 2905 illum
2618 2842 2868 2905 tristem

616 2952 1186 3037 perniciosumque
1261 2971 1514 3013 morem
1585 2951 1864 3016 referret.
1957 2954 2050 3019 Ut
2110 2954 2308 3035 igitur
2365 2954 2473 3017 hic
2522 2976 2665 3019 mos
2712 2956 2870 3018 iuris

618 3066 927 3131 naturalis
973 3065 1302 3147 antiquior
1345 3074 1481 3127 erat
1526 3085 1726 3148 quam
1775 3066 2189 3149 Areopagus‚
2239 3069 2350 3151 qui
2398 3051 2571 3132 hunc
2620 3090 2870 3133 morem

619 3179 896 3258 sustulit,
959 3180 1052 3242 sic
1112 3180 1410 3263 ErinyeS,
1461 3201 1630 3263 quae
1677 3201 1830 3243 cum
1877 3180 2006 3249 hoc
2054 3202 2258 3259 more,
2309 3183 2418 3246 ubi
2469 3183 2553 3245 ad
2598 3204 2870 3247 consan-

620 3298 897 3380 guineos
965 3294 1436 3377 applicabatur,
1483 3315 1742 3377 semper
1788 3296 2173 3359 coniunctae
2223 3306 2423 3376 erant,
2472 3298 2871 3380 antiquiores

621 3409 1079 3491 cogitabantur
1125 3430 1324 3491 quam
1372 3409 1459 3471 dii
1509 3406 1865 3492 Olympici,
1914 3430 2196 3491 quorum
2245 3429 2522 3492 regnum
2568 3410 2633 3472 in
2660 3412 2872 3493 magis

622 3524 873 3585 erudita
917 3530 1215 3604 tempora
1262 3523 1506 3587 incidit.
1570 3523 1721 3586 Hoc
1772 3524 1973 3586 modo
2020 3523 2234 3587 solum
2281 3515 2660 3605 Aeschylus
2712 3523 2875 3587 illud

623 3632 903 3697 παλαιοῦ
973 3657 1212 3699 nomen
1281 3639 1446 3701 tueri
1505 3638 1743 3719 potuit,
1808 3659 1958 3701 nam
2006 3638 2155 3702 licet
2202 3640 2266 3702 in
2317 3637 2561 3722 mythis
2611 3637 2873 3702 Graecis

696 3894 740 3955 ι)
779 3896 907 3944 Vide
941 3910 1069 3959 quae
1106 3895 1252 3959 Rapp
1286 3894 1350 3943 de
1383 3894 1478 3942 hac
1511 3911 1564 3944 re
1598 3895 1796 3960 scripsit
1830 3897 1883 3945 in
1916 3898 2088 3947 lexico
2124 3900 2204 3949 W.
2242 3900 2315 3951 H.
2353 3899 2600 3948 Roscheri
2634 3898 2701 3964 (p.
2747 3909 2876 3959 1310

625 3996 673 4037 et
723 4003 851 4053 quae
901 3991 1188 4051 sequuntur.
1228 3986 1309 4035 De
1343 3986 1618 4037 Pausaniae
1653 3988 1909 4054 opinione,
1962 3990 2268 4055 Aeschylum
2303 3990 2521 4055 primum
2558 4006 2749 4055 angues
2786 4006 2875 4055 pro

623 4080 841 4130 crinibus
877 4078 1040 4128 Furiis
1072 4078 1268 4127 dedisse
1301 4095 1352 4143 p.
1393 4077 1554 4145 1313).

691 4175 741 4236 2)
779 4173 862 4223 Sic
896 4171 1049 4221 etiam
1084 4170 1324 4231 Klausen,
1360 4187 1410 4236 p.
1443 4184 1527 4232 41.

693 4264 743 4331 3)
778 4266 952 4314 Prom.
985 4275 1246 4327 909—911
1289 4262 1426 4331 (vide
1459 4281 1507 4329 p.
1545 4264 1647 4330 57).

585 4348 592 4353 ’
691 4357 744 4425 4)
779 4357 912 4406 Vide
945 4362 1114 4405 tamen
1147 4373 1204 4421 p.
1237 4358 1300 4421 58
1335 4363 1506 4407 annot.
1542 4358 1600 4405 11
1635 4357 1783 4406 huius
1817 4356 1949 4407 libri.

693 4449 743 4516 5)
777 4450 940 4501 Eum.
970 4461 1068 4512 413
1101 4449 1270 4518 Ἀραὶ
1309 4450 1362 4497 δ’
1399 4451 1458 4500 ἓν
1493 4450 1648 4509 οἴκοις
1686 4454 1787 4517 γῆς
1826 4451 1959 4500 ὑπαὶ
2000 4449 2337 4517 κεκλήμεθα.
