3442 4975
1569 434 1659 527 67.

486 642 762 701 tantum.
865 634 1181 699 Attamen
1273 654 1406 699 non
1499 632 1743 716 ubique
1831 633 2253 717 parricidium
2344 630 2737 700 nominatur.

487 748 675 821 Eum.
725 762 1073 830 343-345
1127 748 1302 812 enim'
1347 748 1629 831 Erinyes
1673 748 1939 813 dicunt:

1117 858 1432 942 δωμάτων
1481 862 1603 943 γὰρ
1651 860 1914 943 εἱλόμαν

1118 962 1516 1046 ανατροπάς,
1563 964 1725 1027 ὅταν
1767 963 1965 1047 ’Ἀρης

1119 1066 1389 1138 τιθασὸς
1435 1064 1523 1127 ὤν
1571 1064 1754 1147 φίλον
1800 1063 1929 1152 ε’λῃ.

587 1182 739 1245 Hoc
808 1182 955 1246 loco
1023 1184 1153 1246 iam
1214 1203 1347 1245 non
1379 1202 1623 1274 sermo
1671 1191 1773 1246 est
1818 1182 1901 1245 de
1946 1148 2451 1265 consanguineis
2498 1182 2614 1244 sed
2661 1180 2744 1265 de

493 1297 739 1375 amiciS,
811 1296 912 1360 vel
978 1297 1202 1379 potius
1260 1296 1342 1359 de
1389 1296 1492 1375 iis,
1537 1296 1650 1380 qui
1700 1316 2099 1381 quocunque
2146 1295 2431 1360 caritatis
2478 1294 2743 1359 vinculo

496 1408 664 1473 inter
742 1432 815 1474 se
896 1419 1051 1474 sunt
1135 1411 1356 1488 iuncti,
1437 1412 1525 1474 ita
1596 1419 1666 1474 ut
1735 1411 2202 1503 consanguinei
2273 1431 2407 1492 non
2474 1409 2745 1493 quidem

498 1522 952 1604 excludantur,
1023 1525 1138 1588 sed
1215 1534 1435 1588 tamen
1483 1525 1565 1588 de
1609 1526 1834 1589 amicis
1881 1546 2148 1609 quoque
2195 1525 2468 1609 cogitari
2512 1524 2745 1629 possit.

501 1638 718 1705 Etiam
764 1639 953 1703 latius
998 1646 1195 1722 patet,
1238 1634 1425 1723 quod
1471 1640 1753 1723 Erinyes
1800 1641 2049 1704 dicunt
2068 1640 2255 1707 Eum.
2302 1654 2477 1723 417:

856 1752 1441 1836 βροτοκτονοῦντας
1487 1752 1554 1813 ἐκ
1599 1749 1808 1833 δόμων
1856 1749 2226 1835 ἐλαύνομεν,
2380 1826 2384 1832 ,
2738 1814 2741 1819 .

590 1864 628 1931 i.
697 1885 751 1931 e.
821 1864 1180 1930 homicidas
1254 1866 1412 1950 (non
1480 1860 1697 1929 solum
1766 1866 1962 1949 igitur
2016 1866 2395 1949 parricidas)
2442 1864 2747 1929 domibus

501 1978 912 2062 expellimus,
1005 1979 1172 2047 Item
1222 1980 1402 2063 quod
1448 1979 1688 2067 legitur
1732 1980 1914 2047 Eum.
1962 1980 2348 2064 312-—316:

951 2093 1125 2165 ὅστις
1173 2091 1229 2155 δ’
1279 2090 1522 2155 οέλιτὼν
1571 2092 1781 2177 ὥσπερ
1826 2092 1922 2157 ὅδ’
1969 2096 2130 2177 ἀνὴρ

951 2202 1162 2279 χεῖρας
1206 2196 1430 2278 φονίας
1477 2198 1876 2278 ἐπικρύπτει,

948 2300 1264 2379 μάρτυρες
1307 2294 1501 2378 ὀρθαὶ
1549 2302 1708 2358 τοῖσι
1758 2299 2072 2359 θανοῦσιν

952 2400 1497 2481 παραγιγνόμεναι
1548 2402 1902 2481 πράκτορες
1948 2399 2218 2479 αἵματος

953 2502 1132 2583 αὐτῷ
1179 2497 1403 2575 τελέως
1451 2501 1788 2583 ἐφάνημεν.

602 2616 728 2678 His
784 2626 1002 2680 tamen
1049 2615 1351 2679 omnibus
1397 2616 1558 2680 locis
1606 2616 1688 2680 de
1734 2614 2084 2678 homicidio
2131 2635 2348 2679 sermo
2394 2613 2531 2694 fuit,
2582 2617 2753 2680 unde
2838 2661 2863 2680 s

507 2731 926 2813 parricidium
972 2751 1104 2793 non
1150 2731 1238 2794 ita
1281 2730 1514 2813 procul
1560 2731 1763 2795 abest.
1824 2728 1958 2793 Sed
2006 2750 2109 2793 res
2155 2729 2349 2812 plane
2394 2730 2519 2795 alia
2564 2731 2653 2810 fit,
2700 2732 2755 2794 si

513 2843 809 2927 legimuS,
857 2845 1038 2927 quod
1084 2844 1325 2908 chorus
1375 2845 1613 2926 Agam.
1659 2858 2010 2927 442—445
2060 2846 2266 2908 canit:

1493 2955 1712 3020 κελαι-

916 3060 1024 3121 ναὶ
1070 3057 1128 3122 δ’
1176 3056 1471 3141 Ἐρινύες
1518 3063 1721 3142 χρόνῳ

915 3163 1188 3244 τυχηρὸν
1235 3165 1399 3247 ὄντα
1445 3164 1603 3223 ἄνευ
1651 3159 1830 3233 δίκας
1877 3157 2265 3242 παλιντυχεῖ

916 3265 1107 3348 τριβᾷ
1152 3263 1292 3344 βίου
1341 3263 1574 3325 τιθεῖσ’
1617 3263 1928 3344 ἀμαυρόν.

609 3389 742 3473 Qui
792 3391 990 3473 igitur
1031 3400 1290 3475 praeter
1333 3391 1427 3455 sas
1477 3389 1636 3465 felix
1683 3399 1800 3470 est,
1846 3389 2021 3455 hunc
2068 3392 2261 3456 etiam
2310 3391 2586 3474 Erinyes
2630 3393 2762 3455 vita

517 3507 792 3589 privant.
885 3505 1015 3569 Hic
1075 3526 1207 3570 non
1253 3505 1539 3589 amplius
1583 3506 1665 3568 de
1711 3506 1913 3569 caede
1958 3507 2303 3588 cogitatur.
2393 3505 2522 3570 Vel
2568 3506 2763 3569 etiam

518 3620 614 3698 iis,
664 3621 775 3702 qui
819 3621 1042 3683 avium
1088 3615 1318 3684 nidum
1363 3620 1557 3702 pullis
1601 3621 1882 3702 privant,
1928 3619 2093 3684 deus
2135 3620 2303 3702 quiS,
2328 3621 2468 3684 sive
2492 3620 2763 3702 Apollo,

521 3737 656 3797 sive
705 3735 860 3812 Pan,
909 3735 1048 3799 sive
1095 3737 1256 3806 Ζεύς
1301 3734 1593 3799 immittit
1641 3735 2133 3817 Erinyn,.quae
2170 3734 2386 3798 scelus
2420 3733 2767 3798 ulciscatur

523 3850 787 3934 (Agam.
839 3834 1342 3932 55—-59squos,
1383 3869 1613 3912 versus
1657 3849 1809 3912 vide
1855 3847 2154 3912 laudatos
2197 3868 2259 3932 p.
2302 3847 2434 3932 65.)

613 3963 842 4045 Itaque
907 3970 1045 4026 tota
1114 3963 1438 4046 Erinyum
1505 3969 1735 4026 natura
1803 3959 2396 4025 controversiarum
2444 3970 2509 4025 et
2554 3963 2771 4043 aenig-

525 4085 776 4140 matum
801 4075 1014 4159 plena
1057 4076 1334 4141 videtur.
1385 4076 1646 4158 Quibus
1669 4083 2023 4158 postquam
2050 4095 2247 4137 unam
2273 4075 2770 4157 repugnantiam

523 4191 990 4268 addiderimuS‚
1079 4210 1181 4254 res
1263 4192 1393 4254 iam
1476 4191 1539 4252 in
1621 4209 1704 4251 eo
1774 4189 1915 4262 erit,
1991 4197 2059 4250 ut
2129 4187 2246 4250 has
2311 4190 2770 4270 repugnantias

528 4303 780 4369 solvere
849 4325 1185 4379 conemur,
1255 4304 1338 4367 ad
1409 4323 1571 4387 quas
1638 4301 1990 4365 solvendas
2059 4300 2216 4363 illud
2285 4302 2521 4383 ipsum,
2592 4302 2772 4384 quod

525 4428 935 4502 postremum
1001 4419 1243 4482 addere
1313 4417 1470 4481 mihi
1538 4418 1603 4480 in
1670 4417 1893 4479 animo
1961 4422 2081 4492 est,
2148 4435 2373 4478 ansam
2418 4414 2775 4496 praebebit.

531 4531 608 4594 In
674 4531 1130 4596 Eumenidibus
1195 4533 1368 4595 enim
1439 4532 1719 4616 Erinyes
1788 4539 2100 4612 tanquam
2146 4549 2337 4594 verae
2380 4527 2543 4592 deae
2588 4528 2773 4592 indu·
