3442 4975
1425 1170 1751 1260 'CAPUT
1793 1195 1905 1259 ΠΙ.

757 1435 762 1439 .
863 1381 980 1450 ΒΕ,
1021 1394 1148 1444 DEI
1193 1393 1664 1457 SANCTITATE,
1711 1395 2047 1457 1Us‘r1T1A,
2094 1396 2515 1447 VERITATE.·

1525 1591 1818 1600 ——Q

641 1776 954 1840 Nonnulli
1003 1777 1092 1840 dii
1141 1778 1206 1839 in
1254 1775 1569 1860 Aeschyli
1618 1777 1973 1858 tragoediis
2002 1777 2184 1852 ἁγνοὶ
2210 1776 2639 1858 appellantur,
2667 1778 2708 1840 i.
2735 1799 2790 1841 e.

537 1871 716 1970 puri,
786 1890 1024 1968 intacti,
1097 1890 1275 1953 nulla
1341 1890 1554 1954 affecti
1632 1891 1905 1968 macula,
1978 1891 2204 1954 sancti.
2279 1891 2474 1955 Unde
2519 1869 2794 1955 efficitur

551 2005 959 2066 sanctitatem
1029 2004 1316 2066 numinis
1387 2004 1588 2067 divini
1657 2005 1988 2087 propriam
2058 2005 2351 2086 cogitari.
2422 2005 2596 2067 Nam
2644 1999 2794 2070 licet

550 2114 848 2178 homines
917 2137 1182 2199 quoque
1230 2117 1559 2181 interdum
1604 2118 1787 2196 ἁγνοὶ
1834 2128 2170 2194 vocentur,
2222 2126 2292 2180 ut
2341 2120 2576 2198 Agam.
2628 2135 2790 2199 232:

550 2229 719 2305 ἁγνὰ
767 2227 1142 2311 ἀταύρωτος
1196 2230 1253 2315 1)
1300 2232 1465 2313 pura
1511 2232 1735 2314 virg0,‘
1774 2231 1994 2313 Suppl.
2047 2233 2433 2313 217—218:

822 2347 959 2416 πῶς
1005 2340 1063 2405 δ’
1110 2344 1190 2408 ἂν
1236 2345 1460 2423 γαμῶν
1508 2347 1792 2406 ἄκουσαν
1841 2347 2109 2418 ἄκοντος
2146 2348 2334 2426 πάρα

816 2459 1006 2538 ἁγνὸς
1051 2456 1276 2538 γένοιτ’
1327 2461 1446 2537 div,-

550 2580 615 2635 et
686 2570 950 2635 Orestes
1017 2583 1167 2656 post
1235 2573 1677 2654 expiationem
1726 2594 1798 2635 se
1844 2573 2041 2649 ἁγνὸν
2089 2576 2293 2654 στόμα
2340 2574 2581 2640 habere
2621 2577 2793 2639 dicat

549 2686 756 2771 (Eum.
806 2688 984 2771 283),
1035 2708 1196 2771 quo3
1217 2686 1540 2769 significet
1585 2707 1656 2749 se
1702 2689 1916 2769 ipsum
1966 2688 2096 2751 iam
2134 2689 2333 2764 ἁγνὸν
2357 2688 2603 2752 factum
2628 2710 2787 2767 esse,

549 2800 711 2864 haec
757 2810 976 2864 tamen
1022 2800 1309 2866 humana
1356 2802 1662 2865 sanctitas
1698 2801 1811 2864 >vel
1859 2804 2103 2884 puritas
2148 2803 2243 2892 ad·
2283 2824 2486 2866 unum
2534 2814 2789 2867 tautum

548 2915 793 2978 factum
859 2924 973 2977 aut
1041 2916 1497 2978 condicionem
1569 2924 1817 2996 spectat
1886 2917 2284 2998 minimeque
2343 2918 2427 2980 ad
2492 2927 2789 2981 naturam

548 3028 905 3092 humanam
971 3029 1267 3111 pertinet.
1342 3028 1526 3091 Deus
1593 3036 1815 3091 autem
1876 3038 2220 3110 peccatum
2267 3029 2484 3092 odisse
2531 3032 2785 3107 dicitur,

548 3163 602 3207 e.
649 3162 747 3223 gr.
796 3140 1016 3223 Suppl.
1067 3155 1148 3223 73
1198 3140 1441 3204 chorus
1489 3141 1648 3203 deos
1696 3140 1798 3202 his
1846 3141 2057 3204 verbis
2104 3140 2491 3224 alloquitur:

1040 3252 1217 3339 ὕβριν
1265 3251 1322 3315 δ’
1373 3255 1616 3333 ἐτύμως
1661 3257 2062 3333 στύγοὺντες,

549 3370 592 3434 i.
638 3390 725 3435 e.:
799 3389 938 3446 VOS,
1008 3371 1117 3451 qui
1188 3368 1598 3433 insolentiam
1668 3389 1822 3433 vere
1892 3370 2148 3447 odistiS,
2196 3379 2261 3432 et
2305 3370 2613 3452 permulti
2662 3369 2786 3433 loci

547 3486 785 3548 adduci
829 3484 1100 3567 possint,
1149 3484 1263 3547 ubi
1311 3484 1397 3547 dii
1448 3485 1750 3547 dicuntur
1786 3493 2161 3566 peccatores
2202 3485 2442 3562 odisse,
2476 3506 2675 3567 quam
2703 3487 2788 3549 ob

549 3618 684 3661 rem
735 3596 1208 3680 Clytaemestra
1254 3598 1429 3659 &edm
1477 3601 1703 3673 στύγος
1749 3598 2115 3680 appellatur
2160 3597 2455 3683 (Choa'plz.
2514 3599 2728 3681 1025).

633 3712 705 3776 Si
775 3720 996 3775 autem
1057 3713 1454 3794 quaerimuS,
1503 3733 1633 3795 qua
1679 3733 1765 3775 ex
1811 3721 1997 3795 parte
2042 3712 2422 3795 Aeschylus
2469 3714 2787 3795 imprimis

545 3826 767 3890 divino
826 3826 1077 3887 numini
1122 3826 1530 3889 sanctitatem
1577 3826 1913 3901 tribuerit,-
1943 3845 2073 3888 non
2120 3827 2300 3908 parvi
2347 3825 2603 3889 videtur
2648 3846 2789 3888 esse

547 3940 884 4017 momenti,
956 3938 1138 4021 quod
1209 3937 1336 4001 hoc
1403 3939 1602 4017 ἁγνοῦ
1673 3937 2071 4021 cognomine
2140 3940 2320 4016 Ζεύς,
2372 3938 2435 4021 2)
2483 3936 2669 4019 Δίκη,
2725 3938 2787 4025 3)

550 4048 891 4115 Ἀπόλλων
937 4053 1004 4136 4)
1073 4052 1566 4135 compellantur.
1638 4052 1880 4115 Inferni
1930 4052 2198 4133 quidem
2247 4053 2333 4114 dii
2384 4063 2447 4116 et
2491 4052 2785 4116 Artemis
2846 4110 2851 4115 .

824 4192 933 4199 *—

615 4260 660 4315 1)
703 4253 804 4301 His
838 4252 1003 4302 verbis
1041 4253 1270 4302 Klausen
1301 4252 1483 4302 Theol.
1519 4269 1569 4317 p.
1603 4252 1669 4314 98
1703 4257 1825 4299 nota
1865 4248 1978 4313 180)
2013 4250 2236 4299 Dianam
2269 4249 2538 4313 significari
2572 4248 2696 4329 vult..

610 4332 660 4398 2)
696 4333 877 4397 Suppl.
913 4332 1028 4397 625.
1161 4376 1164 4379 ,
1836 4330 1839 4332 ’

609 4413 660 4480 3)
696 4414 878 4478 Suppl.
919 4425 1196 4476 132—133.

606 4490 659 4558 4)
697 4492 876 4557 Suppl.
912 4504 1026 4552 204.
