3442 4975
1726 381 1809 442 24

636 551 745 632 qui
833 558 932 612 est
1017 551 1247 613 unicus
1330 571 1517 632 asper
1604 552 1906 634 princeps
1991 573 2203 634 neque
2286 554 2602 617 rationem
2675 554 2887 618 reddit

637 664 960 728 sactorum
1008 684 1278 727 suorum
1325 664 1558 747 (From.
1609 665 1798 749 328):

993 780 1232 859 τραχύς
1275 781 1590 859 μόναρχος
1638 775 1770 839 οὐδ’
1817 780 2185 850 ὑπεύθυνος
2234 784 2472 859 κρατεῖ.

637 893 747 974 qui
795 891 916 954 diis
952 892 1234 954 honores
1284 891 1608 954 distribuit
1644 885 1837 975 ⁸(ibid.
1888 913 1949 955 v.
2000 893 2175 976 232):
2206 889 2496 972 δαίμοσιν
2526 892 2691 973 νέμει
2717 891 2889 973 γέρα,

726 1004 966 1069 Civitas
1039 1005 1314 1068 deorum
1375 1006 1574 1087 igitur
1619 1007 1983 1087 comparari
2028 1014 2244 1087 potest
2291 1028 2443 1069 cum
2491 1008 2641 1069 aula
2688 986 2889 1090 regia,

639 1120 746 1181 ubi
836 1139 1004 1181 unus
1075 1140 1192 1181 rex
1262 1129 1378 1195 est,
1446 1120 1558 1203 qui
1629 1119 1933 1182 omnibus
2004 1121 2302 1202 imperat,
2372 1120 2599 1201 reliqui
2671 1128 2892 1182 autem

636 1253 867 1295 omnes
915 1234 972 1295 ei
1021 1234 1328 1309 serviunt,
1378 1234 1487 1314 qui
1537 1234 1850 1314 quicquid
1900 1243 2071 1309 sunt,
2119 1232 2248 1295 hoc
2296 1241 2451 1295 sunt
2476 1253 2592 1314 per
2618 1254 2791 1295 eum.
2836 1233 2893 1314 ι)

637 1344 746 1408 Sic
790 1348 949 1417 Ζεύς
998 1367 1164 1409 unus
1210 1346 1587 1410 verissimus
1635 1346 1799 1409 deus
1846 1355 1960 1424 est,
1992 1347 2053 1430 2)
2106 1367 2321 1428 neque
2366 1348 2506 1409 sine
2552 1360 2635 1408 eo
2662 1346 2768 1408 alii
2796 1346 2883 1407 dii

637 1461 909 1541 cogitari
977 1469 1257 1541 possunt
1325 1460 1432 1543 (ne
1475 1469 1661 1543 pater
1707 1461 1975 1543 quidem
2024 1460 2211 1543 eius),
2258 1481 2411 1522 cum
2460 1460 2617 1523 Iove
2664 1468 2885 1522 autem

638 1583 702 1637 et
746 1574 868 1637 sub
915 1595 994 1637 eo
1040 1576 1214 1656 apud
1263 1581 1525 1655 po‘e‘tam
1575 1574 1778 1637 nihilo
1824 1575 1973 1656 plus
2021 1573 2259 1651 valent,
2312 1594 2512 1656 quam
2559 1572 2774 1655 angeli
2823 1574 2887 1634 in

639 1686 856 1749 Sacris
904 1687 1144 1751 Libris.

729 1802 816 1863 II.
880 1800 1164 1883 Quam
1227 1802 1699 1865 rationem
1770 1803 1997 1871 Ζεύς
2066 1822 2261 1864 cum
2332 1800 2895 1863 hominibus

639 1916 681 1978 h
708 1936 746 1977 a
770 1915 813 1977 b
839 1935 875 1977 e
899 1936 936 1977 a
960 1924 1006 1977 t.
1056 1914 1118 1997 3)

731 2030 820 2093 Ut
867 2029 1014 2107 diis,
1063 2031 1154 2091 sic
1202 2029 1578 2092 hominibus
1624 2031 1785 2099 Ζεύς
1832 2037 1933 2091 est
1980 2030 2192 2109 πατὴρ
2241 2037 2306 2091 et
2344 2025 2660 2113 βασιλεύς.
2711 2027 2885 2109 Quid

637 2153 856 2207 autem
914 2139 1288 2225 *significant
1348 2143 1507 2206 haec
1556 2144 1823 2205 nomina
1870 2144 1935 2204 in
1982 2163 2095 2205 ore
2142 2142 2533 2205 hominum?
2580 2147 2645 2221 4)
2738 2143 2895 2204 Non

641 2257 854 2319 solum
901 2267 1248 2339 propterea
1292 2254 1590 2342 βασιλεῦς
1639 2258 1895 2334 dicitur,
1945 2259 2125 2339 quod
2174 2266 2271 2320 est
2312 2278 2429 2320 rex
2453 2256 2894 2334 deorum‚sed

640 2372 837 2433 etiam
909 2372 1066 2453 quia
1137 2391 1253 2433 rex
1321 2379 1422 2433 est
1483 2372 1777 2435 omnium
1847 2370 2213 2437 hominum.
2310 2371 2467 2453 Quo
2514 2391 2710 2433 sensu
2762 2390 2895 2438 non

641 2487 854 2547 minus
903 2494 1003 2546 est
1049 2474 1218 2556 ἄναξ
1265 2482 1589 2562 ἀνάκτων,
1639 2507 1791 2548 cum
1843 2487 1907 2548 in
1953 2495 2123 2549 terra
2149 2506 2417 2569 quoque
2441 2487 2569 2548 sint
2594 2488 2891 2555 ἄνακτες.

641 2597 792 2669 Cui·¹
848 2599 1049 2680 igitur
1108 2596 1404 2660 homines
1454 2600 1682 2662 Iovem
1733 2599 2061 2682 appellent
2106 2620 2301 2663 suum
2356 2605 2623 2681 regem?
2715 2597 2889 2679 Quia

638 2714 797 2781 Ζεύς
864 2712 928 2772 in
997 2731 1113 2772 eos
1184 2711 1378 2775 habet
1446 2714 1545 2775 ius
1615 2715 1787 2777 vitae
1856 2723 1920 2776 et
1990 2715 2169 2776 necis
2253 2714 2424 2797 (vide
2470 2713 2630 2776 infra
2675 2713 2886 2774 From.

640 2824 1034 2906 234—236),
1104 2827 1256 2907 quia
1325 2826 1621 2889 homines
1691 2827 1850 2894 nihil
1898 2829 2108 2891 facere
2153 2837 2433 2910 possunt
2480 2830 2634 2890 Iove
2682 2829 2885 2890 invito

639 2941 898 3025 (Agant.
954 2941 1202 3019 1448—-
1221 2957 1243 3002 1
1257 2939 1441 3026 449):

711 3272 754 3326 1)
794 3265 1018 3324 Dronke,
1053 3282 1100 3330 p.
1137 3265 1304 3327 8—9:
1343 3265 1502 3330 „Also
1539 3265 1628 3313 der
1663 3265 1977 3313 Giittervater
2010 3264 2163 3312 selbst
2197 3264 2258 3312 ist
2293 3264 2440 3312 allein
2477 3263 2600 3311 Gott
2636 3263 2705 3310 im
2724 3263 2894 3311 vollen

641 3355 795 3407 Sinne
847 3357 936 3405 des
977 3357 1187 3416 Wortes,
1224 3357 1398 3405 besitzt
1434 3356 1484 3404 in
1523 3357 1622 3404 und
1660 3371 1750 3404 aus
1784 3357 1892 3404 sich
1928 3357 2085 3404 selbst
2120 3356 2203 3404 die
2240 3356 2385 3404 Fulle
2419 3355 2543 3404 aller
2579 3355 2752 3403 Macht
2784 3355 2888 3403 und

638 3447 1139 3506 Vollkommenheit3
1186 3465 1295 3495 was
1329 3449 1408 3496 die
1443 3449 1669 3496 anderen
1715 3449 1887 3496 Gesner
1921 3449 2047 3496 sind
2075 3449 2191 3496 und
2217 3449 2395 3506 haben,
2430 3447 2552 3495 sind
2579 3447 2694 3494 und
2723 3447 2887 3494 haben

637 3540 708 3586 sie
743 3539 798 3587 in
834 3541 949 3586 und
976 3540 1139 3587 ‹lm-cle
1181 3540 1356 3586 Zeus.''
1415 3539 1599 3602 (Miror
1633 3555 1713 3588 me
1751 3539 1803 3588 in
1841 3540 2055 3588 Dronkii
2090 3541 2235 3602 libro,
2270 3555 2418 3603 quem
2446 3545 2564 3586 ante
2611 3538 2893 3585 absolutum

639 3631 738 3677 hoc
777 3630 1070 3693 opusculum
1107 3646 1209 3678 non
1258 3631 1306 3678 in
1359 3631 1592 3678 manibus
1639 3631 1815 3694 habui,
1860 3637 1963 3679 tam
2019 3631 2175 3679 multa
2227 3631 2493 3692 invenisse,
2547 3645 2673 3695 quae
2708 3629 2890 3677 iisdem

636 3736 796 3786 paene
829 3720 994 3768 verbis
1028 3721 1077 3769 in
1115 3721 1214 3769 hoc
1246 3721 1378 3769 libro
1410 3721 1620 3786 scripsi.)

707 3815 756 3873 2)
793 3812 1021 3870 Dronke,
1055 3828 1103 3876 p.
1141 3823 1367 3877 54—55:
1404 3812 1509 3872 „Er
1542 3811 1725 3877 (Ζεὺς)
1760 3830 1862 3861 war
1898 3813 2002 3862 ihm
2035 3814 2329 3880 (Aeschylo)
2366 3815 2457 3862 der
2490 3813 2679 3876 einzzjgre
2714 3813 2886 3861 waltr-

638 3906 780 3968 lmsle
823 3905 990 3952 Gott.”

707 3999 756 4058 3)
795 3996 1039 4044 Memoria
1072 3997 1347 4045 tenendum
1380 4007 1470 4056 est,
1505 4013 1635 4046 nunc
1670 3998 1831 4047 solum
1868 3999 1932 4047 de
1968 3999 2028 4047 iis
2066 3999 2213 4048 rebus
2228 4014 2507 4048 sermonem
2527 4014 2636 4049 esse
2654 4000 2894 4064 futurum,

637 4102 765 4150 quae
795 4087 859 4134 ad
897 4088 1322 4137 monothe‘tsmum
1356 4088 1654 4153 pertineant.

704 4182 757 4241 4)
824 4179 866 4228 Ι.
901 4195 945 4228 e.
979 4179 1244 4228 hominum
1282 4180 1693 4243 Aeschyleorum.
1750 4181 1900 4245 Apud
1935 4182 2059 4230 alios
2098 4182 2318 4230 Graecos
2353 4183 2490 4232 aliud
2524 4182 2894 4246 significabant.

642 4271 925 4319 Heraclitus
959 4271 1044 4319 ille
1082 4271 1331 4336 Ephesius
1366 4287 1408 4320 e.
1444 4288 1518 4335 gr.
1556 4272 1927 4323 bellum.vocat
1962 4279 2151 4337 patrem
2189 4280 2236 4322 et
2272 4291 2459 4339 regem,
2495 4273 2687 4322 bellum
2722 4280 2891 4322 autem

640 4368 687 4410 et
739 4363 915 4410 Iovem
969 4363 1100 4411 idem
1138 4378 1246 4411 esse
1279 4369 1422 4426 putat
1455 4363 1590 4426 (vide
1629 4351 2159 4428 Histsphilosophiae
2195 4365 2417 4414 Graecae
2454 4365 2635 4414 Ritteri
2672 4373 2721 4414 et
2756 4365 2892 4413 Prel-

639 4454 748 4513 leri,
784 4455 982 4502 Gothae
1020 4453 1162 4513 1888,
1198 4471 1246 4518 p.
1285 4454 1503 4518 28—29.
