<?xml version="1.0" encoding="UTF-8"?>
<!DOCTYPE html PUBLIC "-//W3C//DTD XHTML 1.0 Transitional//EN"
    "http://www.w3.org/TR/xhtml1/DTD/xhtml1-transitional.dtd">
<html xmlns="http://www.w3.org/1999/xhtml" xml:lang="en" lang="en">
 <head>
  <title>
</title>
<meta http-equiv="Content-Type" content="text/html;charset=utf-8" />
  <meta name='ocr-system' content='tesseract 3.04.00' />
  <meta name='ocr-capabilities' content='ocr_page ocr_carea ocr_par ocr_line ocrx_word'/>
</head>
<body>
  <div class='ocr_page' id='page_1' title='image "./dedeoaeschyleo01fiscgoog_0050.png"; bbox 0 0 3442 4975; ppageno 0'>
   <div class='ocr_carea' id='block_1_1' title="bbox 1746 392 1831 474">
    <p class='ocr_par' dir='ltr' id='par_1_1' title="bbox 1746 392 1831 474">
     <span class='ocr_line' id='line_1_1' title="bbox 1746 392 1831 474; baseline 0 -17"><span class='ocrx_word' id='word_1_1' title='bbox 1746 392 1831 474; x_wconf 91' lang='lat'>36</span> 
     </span>
    </p>
   </div>
   <div class='ocr_carea' id='block_1_2' title="bbox 659 580 2915 3398">
    <p class='ocr_par' dir='ltr' id='par_1_2' title="bbox 659 580 2909 877">
     <span class='ocr_line' id='line_1_2' title="bbox 753 580 2909 664; baseline -0.004 -16"><span class='ocrx_word' id='word_1_2' title='bbox 753 584 946 649; x_wconf 89' lang='lat' dir='ltr'><strong>Unde</strong></span> <span class='ocrx_word' id='word_1_3' title='bbox 1024 583 1270 646; x_wconf 88' lang='lat' dir='ltr'>factum</span> <span class='ocrx_word' id='word_1_4' title='bbox 1351 590 1470 659; x_wconf 89' lang='lat' dir='ltr'>est,</span> <span class='ocrx_word' id='word_1_5' title='bbox 1543 590 1616 645; x_wconf 92' lang='lat' dir='ltr'>ut</span> <span class='ocrx_word' id='word_1_6' title='bbox 1687 580 2061 664; x_wconf 88' lang='lat' dir='ltr'><strong>Aeschylus</strong></span> <span class='ocrx_word' id='word_1_7' title='bbox 2132 583 2249 659; x_wconf 81' lang='grc' dir='ltr'>τὴν</span> <span class='ocrx_word' id='word_1_8' title='bbox 2324 584 2524 662; x_wconf 60' lang='grc' dir='ltr'><em>τύχην</em></span> <span class='ocrx_word' id='word_1_9' title='bbox 2594 601 2745 643; x_wconf 86' lang='lat' dir='ltr'>cum</span> <span class='ocrx_word' id='word_1_10' title='bbox 2816 585 2909 661; x_wconf 75' lang='grc' dir='ltr'>τῲ</span> 
     </span>
     <span class='ocr_line' id='line_1_3' title="bbox 659 694 2907 779; baseline -0.002 -19"><span class='ocrx_word' id='word_1_11' title='bbox 659 694 1053 779; x_wconf 72' lang='grc' dir='ltr'><em>πεπρωμένῳ</em></span> <span class='ocrx_word' id='word_1_12' title='bbox 1127 696 1544 760; x_wconf 83' lang='lat' dir='ltr'>coniunxerit</span> <span class='ocrx_word' id='word_1_13' title='bbox 1610 696 1851 775; x_wconf 80' lang='lat' dir='ltr'>Agam.</span> <span class='ocrx_word' id='word_1_14' title='bbox 1898 694 2274 775; x_wconf 81' lang='grc'>659-663,</span> <span class='ocrx_word' id='word_1_15' title='bbox 2348 694 2457 758; x_wconf 92' lang='lat' dir='ltr'>ubi</span> <span class='ocrx_word' id='word_1_16' title='bbox 2518 695 2601 757; x_wconf 90' lang='lat' dir='ltr'>ad</span> <span class='ocrx_word' id='word_1_17' title='bbox 2665 713 2907 756; x_wconf 90' lang='lat' dir='ltr'>nomen</span> 
     </span>
     <span class='ocr_line' id='line_1_4' title="bbox 661 810 1278 877; baseline -0.005 0"><span class='ocrx_word' id='word_1_18' title='bbox 661 813 958 877; x_wconf 85' lang='lat' dir='ltr'>Helenae</span> <span class='ocrx_word' id='word_1_19' title='bbox 1003 810 1278 874; x_wconf 75' lang='lat' dir='ltr'>alluditz</span> 
     </span>
    </p>

    <p class='ocr_par' dir='ltr' id='par_1_3' title="bbox 660 909 2535 1804">
     <span class='ocr_line' id='line_1_5' title="bbox 1108 909 2124 1002; baseline -0.001 -18"><span class='ocrx_word' id='word_1_20' title='bbox 1108 927 1251 984; x_wconf 89' lang='lat' dir='ltr'>XO.</span> <span class='ocrx_word' id='word_1_21' title='bbox 1301 922 1401 994; x_wconf 70' lang='grc' dir='ltr'>τίς</span> <span class='ocrx_word' id='word_1_22' title='bbox 1447 923 1592 983; x_wconf 77' lang='grc' dir='ltr'>ποτ’</span> <span class='ocrx_word' id='word_1_23' title='bbox 1641 920 1968 1002; x_wconf 74' lang='grc' dir='ltr'>ὠνόμαζεν</span> <span class='ocrx_word' id='word_1_24' title='bbox 2017 909 2124 983; x_wconf 80' lang='grc' dir='ltr'>ὧδ’</span> 
     </span>
     <span class='ocr_line' id='line_1_6' title="bbox 1301 1038 2061 1119; baseline 0.001 -22"><span class='ocrx_word' id='word_1_25' title='bbox 1301 1038 1361 1108; x_wconf 73' lang='grc' dir='ltr'>ἐς</span> <span class='ocrx_word' id='word_1_26' title='bbox 1407 1038 1481 1099; x_wconf 89' lang='grc' dir='ltr'>τὸ</span> <span class='ocrx_word' id='word_1_27' title='bbox 1528 1042 1663 1098; x_wconf 80' lang='grc' dir='ltr'><em>πᾶν</em></span> <span class='ocrx_word' id='word_1_28' title='bbox 1714 1038 2061 1119; x_wconf 66' lang='grc' dir='ltr'><strong><em>ἐτητύμως·</em></strong></span> 
     </span>
     <span class='ocr_line' id='line_1_7' title="bbox 1294 1147 2535 1233; baseline -0.002 -22"><span class='ocrx_word' id='word_1_29' title='bbox 1294 1155 1379 1230; x_wconf 79' lang='grc' dir='ltr'>μή</span> <span class='ocrx_word' id='word_1_30' title='bbox 1428 1174 1528 1223; x_wconf 72' lang='grc' dir='ltr'>τις</span> <span class='ocrx_word' id='word_1_31' title='bbox 1572 1150 1775 1211; x_wconf 73' lang='grc' dir='ltr'><em>ὅντιν’</em></span> <span class='ocrx_word' id='word_1_32' title='bbox 1824 1149 1933 1233; x_wconf 82' lang='grc' dir='ltr'>οὐχ</span> <span class='ocrx_word' id='word_1_33' title='bbox 1981 1147 2535 1232; x_wconf 53' lang='grc' dir='ltr'><em>ὁρῶμενὴρονοί-</em></span> 
     </span>
     <span class='ocr_line' id='line_1_8' title="bbox 1299 1261 2065 1345; baseline 0.001 -21"><span class='ocrx_word' id='word_1_34' title='bbox 1299 1284 1430 1325; x_wconf 85' lang='grc' dir='ltr'><em>αισι</em></span> <span class='ocrx_word' id='word_1_35' title='bbox 1480 1269 1593 1328; x_wconf 82' lang='grc' dir='ltr'>τοῦ</span> <span class='ocrx_word' id='word_1_36' title='bbox 1643 1261 2065 1345; x_wconf 72' lang='grc' dir='ltr'><em>πεπρωμένου</em></span> 
     </span>
     <span class='ocr_line' id='line_1_9' title="bbox 1298 1373 2207 1459; baseline 0 -21"><span class='ocrx_word' id='word_1_37' title='bbox 1298 1374 1590 1453; x_wconf 80' lang='grc' dir='ltr'><em>γλῶσσαν</em></span> <span class='ocrx_word' id='word_1_38' title='bbox 1641 1378 1706 1438; x_wconf 77' lang='grc' dir='ltr'><em>ἐν</em></span> <span class='ocrx_word' id='word_1_39' title='bbox 1757 1379 1925 1459; x_wconf 70' lang='grc' dir='ltr'>τύχᾳ</span> <span class='ocrx_word' id='word_1_40' title='bbox 1973 1373 2207 1457; x_wconf 78' lang='grc' dir='ltr'><em>νέμων,·</em></span> 
     </span>
     <span class='ocr_line' id='line_1_10' title="bbox 660 1491 2080 1573; baseline -0.002 -15"><span class='ocrx_word' id='word_1_41' title='bbox 660 1496 858 1559; x_wconf 81' lang='lat' dir='ltr'>etiam</span> <span class='ocrx_word' id='word_1_42' title='bbox 906 1514 1060 1556; x_wconf 91' lang='lat' dir='ltr'>cum</span> <span class='ocrx_word' id='word_1_43' title='bbox 1110 1501 1188 1573; x_wconf 87' lang='grc' dir='ltr'>τῇ</span> <span class='ocrx_word' id='word_1_44' title='bbox 1233 1491 1423 1572; x_wconf 78' lang='grc' dir='ltr'><em>μοίρᾳ</em></span> <span class='ocrx_word' id='word_1_45' title='bbox 1471 1492 1640 1573; x_wconf 80' lang='lat' dir='ltr'>Sept.</span> <span class='ocrx_word' id='word_1_46' title='bbox 1686 1494 2080 1573; x_wconf 86' lang='lat'>488—489:</span> 
     </span>
     <span class='ocr_line' id='line_1_11' title="bbox 1063 1602 2478 1689; baseline -0.001 -22"><span class='ocrx_word' id='word_1_47' title='bbox 1063 1606 1223 1686; x_wconf 70' lang='grc' dir='ltr'><em>ἀνὴρ</em></span> <span class='ocrx_word' id='word_1_48' title='bbox 1273 1605 1414 1666; x_wconf 83' lang='grc' dir='ltr'><strong><em>κατ’</em></strong></span> <span class='ocrx_word' id='word_1_49' title='bbox 1461 1602 1668 1687; x_wconf 82' lang='grc' dir='ltr'><em>ἄνδρα</em></span> <span class='ocrx_word' id='word_1_50' title='bbox 1714 1608 1947 1667; x_wconf 82' lang='grc' dir='ltr'><em>τοῦτον</em></span> <span class='ocrx_word' id='word_1_51' title='bbox 1996 1603 2217 1689; x_wconf 78' lang='grc' dir='ltr'><em>ᾑρέθη,</em></span> <span class='ocrx_word' id='word_1_52' title='bbox 2265 1603 2478 1666; x_wconf 79' lang='grc' dir='ltr'><em>θέλων</em></span> 
     </span>
     <span class='ocr_line' id='line_1_12' title="bbox 1064 1719 2332 1804; baseline -0.002 -23"><span class='ocrx_word' id='word_1_53' title='bbox 1064 1719 1456 1801; x_wconf 78' lang='grc' dir='ltr'><strong><em>ἐξιστορῆσαι</em></strong></span> <span class='ocrx_word' id='word_1_54' title='bbox 1501 1725 1729 1800; x_wconf 74' lang='grc' dir='ltr'><em>μοῖραν</em></span> <span class='ocrx_word' id='word_1_55' title='bbox 1780 1720 1845 1780; x_wconf 78' lang='grc' dir='ltr'><em>ἐν</em></span> <span class='ocrx_word' id='word_1_56' title='bbox 1896 1720 2073 1804; x_wconf 71' lang='grc' dir='ltr'><em>χρείᾳ</em></span> <span class='ocrx_word' id='word_1_57' title='bbox 2121 1721 2332 1801; x_wconf 70' lang='grc' dir='ltr'><strong><em>τύχης.</em></strong></span> 
     </span>
    </p>

    <p class='ocr_par' dir='ltr' id='par_1_4' title="bbox 665 1832 2914 2259">
     <span class='ocr_line' id='line_1_13' title="bbox 752 1832 2908 1917; baseline -0.002 -19"><span class='ocrx_word' id='word_1_58' title='bbox 752 1836 1007 1899; x_wconf 88' lang='lat' dir='ltr'>Eodem</span> <span class='ocrx_word' id='word_1_59' title='bbox 1052 1836 1350 1917; x_wconf 86' lang='lat' dir='ltr'>pertinet,</span> <span class='ocrx_word' id='word_1_60' title='bbox 1399 1834 1581 1916; x_wconf 91' lang='lat' dir='ltr'>quod</span> <span class='ocrx_word' id='word_1_61' title='bbox 1627 1834 1801 1898; x_wconf 90' lang='lat' dir='ltr'>Iovis</span> <span class='ocrx_word' id='word_1_62' title='bbox 1850 1836 2165 1911; x_wconf 84' lang='lat' dir='ltr'>interituS‚</span> <span class='ocrx_word' id='word_1_63' title='bbox 2212 1854 2251 1897; x_wconf 99' lang='lat' dir='ltr'>a</span> <span class='ocrx_word' id='word_1_64' title='bbox 2302 1835 2512 1896; x_wconf 88' lang='lat' dir='ltr'>Furiis</span> <span class='ocrx_word' id='word_1_65' title='bbox 2557 1832 2660 1896; x_wconf 91' lang='lat' dir='ltr'>vel</span> <span class='ocrx_word' id='word_1_66' title='bbox 2712 1832 2908 1907; x_wconf 84' lang='lat' dir='ltr'>Diris,</span> 
     </span>
     <span class='ocr_line' id='line_1_14' title="bbox 667 1944 2911 2033; baseline -0.002 -19"><span class='ocrx_word' id='word_1_67' title='bbox 667 1971 835 2033; x_wconf 90' lang='lat' dir='ltr'>quae</span> <span class='ocrx_word' id='word_1_68' title='bbox 907 1947 1190 2029; x_wconf 70' lang='grc' dir='ltr'><em>ἀνάγκης</em></span> <span class='ocrx_word' id='word_1_69' title='bbox 1257 1948 1692 2028; x_wconf 75' lang='grc' dir='ltr'><em>οἶακοστρόφοι</em></span> <span class='ocrx_word' id='word_1_70' title='bbox 1765 1969 1804 2010; x_wconf 88' lang='lat' dir='ltr'>a</span> <span class='ocrx_word' id='word_1_71' title='bbox 1876 1947 2265 2011; x_wconf 90' lang='lat' dir='ltr'>Prometheo</span> <span class='ocrx_word' id='word_1_72' title='bbox 2294 1978 2299 1982; x_wconf 89' lang='lat'>·</span> <span class='ocrx_word' id='word_1_73' title='bbox 2328 1947 2634 2011; x_wconf 86' lang='lat' dir='ltr'>dicuntur</span> <span class='ocrx_word' id='word_1_74' title='bbox 2678 1944 2911 2031; x_wconf 80' lang='lat' dir='ltr'>(From.</span> 
     </span>
     <span class='ocr_line' id='line_1_15' title="bbox 669 2058 2914 2147; baseline -0.004 -18"><span class='ocrx_word' id='word_1_75' title='bbox 669 2064 1042 2147; x_wconf 85' lang='lat'>517—518)</span> <span class='ocrx_word' id='word_1_76' title='bbox 1108 2064 1166 2126; x_wconf 90' lang='lat' dir='ltr'>ei</span> <span class='ocrx_word' id='word_1_77' title='bbox 1213 2071 1476 2145; x_wconf 88' lang='lat' dir='ltr'>paratus</span> <span class='ocrx_word' id='word_1_78' title='bbox 1523 2063 1652 2146; x_wconf 90' lang='lat' dir='ltr'><strong>(vv.</strong></span> <span class='ocrx_word' id='word_1_79' title='bbox 1701 2062 2105 2145; x_wconf 86' lang='lat'>909—911)‚</span> <span class='ocrx_word' id='word_1_80' title='bbox 2152 2062 2294 2124; x_wconf 90' lang='lat' dir='ltr'>eius</span> <span class='ocrx_word' id='word_1_81' title='bbox 2341 2061 2503 2141; x_wconf 84' lang='grc' dir='ltr'><strong><em>τύχη</em></strong></span> <span class='ocrx_word' id='word_1_82' title='bbox 2549 2058 2914 2142; x_wconf 87' lang='lat' dir='ltr'>appellatur</span> 
     </span>
     <span class='ocr_line' id='line_1_16' title="bbox 665 2177 952 2259; baseline -0.003 -19"><span class='ocrx_word' id='word_1_83' title='bbox 665 2199 726 2241; x_wconf 90' lang='lat' dir='ltr'>v.</span> <span class='ocrx_word' id='word_1_84' title='bbox 777 2177 952 2259; x_wconf 87' lang='lat'>767:</span> 
     </span>
    </p>

    <p class='ocr_par' dir='ltr' id='par_1_5' title="bbox 935 2285 2603 2369">
     <span class='ocr_line' id='line_1_17' title="bbox 935 2285 2603 2369; baseline -0.004 -18"><span class='ocrx_word' id='word_1_85' title='bbox 935 2291 1054 2351; x_wconf 81' lang='grc' dir='ltr'>ΙΩ.</span> <span class='ocrx_word' id='word_1_86' title='bbox 1106 2286 1234 2350; x_wconf 80' lang='grc' dir='ltr'><em>οὐδ’</em></span> <span class='ocrx_word' id='word_1_87' title='bbox 1285 2287 1462 2349; x_wconf 72' lang='grc' dir='ltr'><em>ἔστιν</em></span> <span class='ocrx_word' id='word_1_88' title='bbox 1513 2285 1690 2369; x_wconf 77' lang='grc' dir='ltr'><strong><em>αὐτῷ</em></strong></span> <span class='ocrx_word' id='word_1_89' title='bbox 1740 2286 1915 2366; x_wconf 81' lang='grc' dir='ltr'><strong><em>τῆσδ’</em></strong></span> <span class='ocrx_word' id='word_1_90' title='bbox 1962 2287 2334 2368; x_wconf 72' lang='grc' dir='ltr'><em>ἀποστροφὴ</em></span> <span class='ocrx_word' id='word_1_91' title='bbox 2382 2292 2603 2369; x_wconf 52' lang='lat' dir='ltr'>zuph-,-</span> 
     </span>
    </p>

    <p class='ocr_par' dir='ltr' id='par_1_6' title="bbox 665 2401 2915 3398">
     <span class='ocr_line' id='line_1_18' title="bbox 755 2401 2913 2486; baseline -0.001 -20"><span class='ocrx_word' id='word_1_92' title='bbox 755 2405 923 2467; x_wconf 89' lang='lat' dir='ltr'>Item</span> <span class='ocrx_word' id='word_1_93' title='bbox 970 2412 1245 2467; x_wconf 86' lang='lat' dir='ltr'>testatur</span> <span class='ocrx_word' id='word_1_94' title='bbox 1293 2404 1645 2465; x_wconf 85' lang='lat' dir='ltr'>Pausanias</span> <span class='ocrx_word' id='word_1_95' title='bbox 1677 2402 1736 2486; x_wconf 86' lang='lat'>1)</span> <span class='ocrx_word' id='word_1_96' title='bbox 1784 2405 2053 2483; x_wconf 78' lang='grc' dir='ltr'><em>Μοιρῶν</em></span> <span class='ocrx_word' id='word_1_97' title='bbox 2098 2424 2358 2466; x_wconf 87' lang='lat' dir='ltr'>unama</span> <span class='ocrx_word' id='word_1_98' title='bbox 2384 2402 2661 2464; x_wconf 89' lang='lat' dir='ltr'>Pindaro</span> <span class='ocrx_word' id='word_1_99' title='bbox 2697 2401 2913 2482; x_wconf 68' lang='grc' dir='ltr'><em>Τύχην</em></span> 
     </span>
     <span class='ocr_line' id='line_1_19' title="bbox 666 2517 2915 2602; baseline -0.002 -20"><span class='ocrx_word' id='word_1_100' title='bbox 666 2518 1063 2602; x_wconf 84' lang='lat' dir='ltr'>appellatam</span> <span class='ocrx_word' id='word_1_101' title='bbox 1112 2539 1277 2595; x_wconf 91' lang='lat' dir='ltr'>esse,</span> <span class='ocrx_word' id='word_1_102' title='bbox 1318 2539 1450 2599; x_wconf 88' lang='lat' dir='ltr'>qua</span> <span class='ocrx_word' id='word_1_103' title='bbox 1497 2538 1564 2580; x_wconf 94' lang='lat' dir='ltr'>re</span> <span class='ocrx_word' id='word_1_104' title='bbox 1603 2517 1851 2580; x_wconf 87' lang='lat' dir='ltr'>¹diserte</span> <span class='ocrx_word' id='word_1_105' title='bbox 1897 2518 2219 2581; x_wconf 89' lang='lat' dir='ltr'>indicatur</span> <span class='ocrx_word' id='word_1_106' title='bbox 2264 2521 2463 2598; x_wconf 66' lang='grc' dir='ltr'><em>τύχην</em></span> <span class='ocrx_word' id='word_1_107' title='bbox 2490 2526 2555 2580; x_wconf 91' lang='lat' dir='ltr'>et</span> <span class='ocrx_word' id='word_1_108' title='bbox 2576 2521 2802 2598; x_wconf 85' lang='grc' dir='ltr'><em>μοῖραν</em></span> <span class='ocrx_word' id='word_1_109' title='bbox 2829 2537 2915 2578; x_wconf 87' lang='lat' dir='ltr'>ex</span> 
     </span>
     <span class='ocr_line' id='line_1_20' title="bbox 666 2629 2913 2714; baseline -0.001 -20"><span class='ocrx_word' id='word_1_110' title='bbox 666 2631 924 2694; x_wconf 88' lang='lat' dir='ltr'>Pindari</span> <span class='ocrx_word' id='word_1_111' title='bbox 972 2631 1289 2693; x_wconf 87' lang='lat' dir='ltr'>sententia</span> <span class='ocrx_word' id='word_1_112' title='bbox 1334 2630 1569 2692; x_wconf 87' lang='lat' dir='ltr'>eodem</span> <span class='ocrx_word' id='word_1_113' title='bbox 1618 2631 1849 2693; x_wconf 86' lang='lat' dir='ltr'>redire.</span> <span class='ocrx_word' id='word_1_114' title='bbox 1898 2629 2153 2711; x_wconf 80' lang='lat' dir='ltr'>Quodsi</span> <span class='ocrx_word' id='word_1_115' title='bbox 2201 2651 2429 2693; x_wconf 90' lang='lat' dir='ltr'>omnes</span> <span class='ocrx_word' id='word_1_116' title='bbox 2472 2652 2642 2714; x_wconf 87' lang='lat' dir='ltr'>quae</span> <span class='ocrx_word' id='word_1_117' title='bbox 2677 2630 2759 2693; x_wconf 91' lang='lat' dir='ltr'>de</span> <span class='ocrx_word' id='word_1_118' title='bbox 2782 2629 2913 2694; x_wconf 86' lang='lat' dir='ltr'>sato</span> 
     </span>
     <span class='ocr_line' id='line_1_21' title="bbox 666 2743 2913 2829; baseline -0.001 -22"><span class='ocrx_word' id='word_1_119' title='bbox 666 2747 731 2807; x_wconf 90' lang='lat' dir='ltr'>in</span> <span class='ocrx_word' id='word_1_120' title='bbox 776 2744 1092 2829; x_wconf 89' lang='lat' dir='ltr'>Aeschyli</span> <span class='ocrx_word' id='word_1_121' title='bbox 1139 2743 1371 2806; x_wconf 88' lang='lat' dir='ltr'>fabulis</span> <span class='ocrx_word' id='word_1_122' title='bbox 1418 2752 1572 2807; x_wconf 87' lang='lat' dir='ltr'>sunt</span> <span class='ocrx_word' id='word_1_123' title='bbox 1610 2744 1843 2807; x_wconf 89' lang='lat' dir='ltr'>obviae</span> <span class='ocrx_word' id='word_1_124' title='bbox 1882 2745 2237 2808; x_wconf 88' lang='lat' dir='ltr'>sententiae</span> <span class='ocrx_word' id='word_1_125' title='bbox 2260 2746 2397 2827; x_wconf 88' lang='lat' dir='ltr'>pari</span> <span class='ocrx_word' id='word_1_126' title='bbox 2424 2745 2627 2808; x_wconf 90' lang='lat' dir='ltr'>modo</span> <span class='ocrx_word' id='word_1_127' title='bbox 2652 2745 2819 2807; x_wconf 90' lang='lat' dir='ltr'>inter</span> <span class='ocrx_word' id='word_1_128' title='bbox 2842 2763 2913 2805; x_wconf 89' lang='lat' dir='ltr'>se</span> 
     </span>
     <span class='ocr_line' id='line_1_22' title="bbox 665 2858 2913 2941; baseline -0.001 -20"><span class='ocrx_word' id='word_1_129' title='bbox 665 2859 1102 2921; x_wconf 85' lang='lat' dir='ltr'>consentirent</span> <span class='ocrx_word' id='word_1_130' title='bbox 1145 2866 1344 2940; x_wconf 89' lang='lat' dir='ltr'>atque</span> <span class='ocrx_word' id='word_1_131' title='bbox 1389 2877 1526 2936; x_wconf 86' lang='lat' dir='ltr'>eae,</span> <span class='ocrx_word' id='word_1_132' title='bbox 1575 2879 1745 2941; x_wconf 89' lang='lat' dir='ltr'>quae</span> <span class='ocrx_word' id='word_1_133' title='bbox 1792 2858 1874 2921; x_wconf 93' lang='lat' dir='ltr'>de</span> <span class='ocrx_word' id='word_1_134' title='bbox 1919 2858 2179 2921; x_wconf 85' lang='lat' dir='ltr'>fortuna</span> <span class='ocrx_word' id='word_1_135' title='bbox 2224 2858 2309 2921; x_wconf 92' lang='lat' dir='ltr'>ibi</span> <span class='ocrx_word' id='word_1_136' title='bbox 2336 2867 2710 2937; x_wconf 87' lang='lat' dir='ltr'>occurrunt,</span> <span class='ocrx_word' id='word_1_137' title='bbox 2736 2858 2913 2920; x_wconf 88' lang='lat' dir='ltr'>haud</span> 
     </span>
     <span class='ocr_line' id='line_1_23' title="bbox 665 2972 2913 3055; baseline -0 -19"><span class='ocrx_word' id='word_1_138' title='bbox 665 2973 940 3036; x_wconf 89' lang='lat' dir='ltr'>dubium</span> <span class='ocrx_word' id='word_1_139' title='bbox 987 2980 1176 3050; x_wconf 88' lang='lat' dir='ltr'>esset,</span> <span class='ocrx_word' id='word_1_140' title='bbox 1224 2973 1563 3055; x_wconf 92' lang='lat' dir='ltr'>quomodo</span> <span class='ocrx_word' id='word_1_141' title='bbox 1611 2994 1680 3035; x_wconf 92' lang='lat' dir='ltr'>se</span> <span class='ocrx_word' id='word_1_142' title='bbox 1729 2993 1829 3036; x_wconf 88' lang='lat' dir='ltr'>res</span> <span class='ocrx_word' id='word_1_143' title='bbox 1876 2972 2163 3037; x_wconf 86' lang='lat' dir='ltr'>haberet.</span> <span class='ocrx_word' id='word_1_144' title='bbox 2254 2972 2475 3054; x_wconf 79' lang='lat' dir='ltr'>Quem</span> <span class='ocrx_word' id='word_1_145' title='bbox 2524 2981 2913 3036; x_wconf 89' lang='lat' dir='ltr'>concentum</span> 
     </span>
     <span class='ocr_line' id='line_1_24' title="bbox 666 3085 2915 3170; baseline 0 -22"><span class='ocrx_word' id='word_1_146' title='bbox 666 3087 992 3150; x_wconf 85' lang='lat' dir='ltr'>interdum</span> <span class='ocrx_word' id='word_1_147' title='bbox 1060 3086 1410 3148; x_wconf 88' lang='lat' dir='ltr'>desiderari</span> <span class='ocrx_word' id='word_1_148' title='bbox 1455 3085 1586 3148; x_wconf 90' lang='lat' dir='ltr'>iam</span> <span class='ocrx_word' id='word_1_149' title='bbox 1635 3086 2083 3149; x_wconf 88' lang='lat' dir='ltr'>demonstrare</span> <span class='ocrx_word' id='word_1_150' title='bbox 2131 3087 2387 3168; x_wconf 92' lang='lat' dir='ltr'>incipio,</span> <span class='ocrx_word' id='word_1_151' title='bbox 2437 3086 2637 3170; x_wconf 92' lang='lat' dir='ltr'>idque</span> <span class='ocrx_word' id='word_1_152' title='bbox 2683 3088 2791 3164; x_wconf 88' lang='lat' dir='ltr'>ita,</span> <span class='ocrx_word' id='word_1_153' title='bbox 2843 3095 2915 3149; x_wconf 94' lang='lat' dir='ltr'>ut</span> 
     </span>
     <span class='ocr_line' id='line_1_25' title="bbox 666 3200 2914 3284; baseline -0.001 -19"><span class='ocrx_word' id='word_1_154' title='bbox 666 3201 943 3279; x_wconf 91' lang='lat' dir='ltr'>videam,</span> <span class='ocrx_word' id='word_1_155' title='bbox 1017 3220 1187 3283; x_wconf 87' lang='lat' dir='ltr'>quae</span> <span class='ocrx_word' id='word_1_156' title='bbox 1257 3201 1321 3262; x_wconf 93' lang='lat' dir='ltr'>in</span> <span class='ocrx_word' id='word_1_157' title='bbox 1390 3200 1662 3282; x_wconf 87' lang='lat' dir='ltr'>singulis</span> <span class='ocrx_word' id='word_1_158' title='bbox 1730 3200 2049 3284; x_wconf 86' lang='lat' dir='ltr'>Aeschyli</span> <span class='ocrx_word' id='word_1_159' title='bbox 2096 3200 2330 3263; x_wconf 84' lang='lat' dir='ltr'>fabulis</span> <span class='ocrx_word' id='word_1_160' title='bbox 2379 3202 2571 3263; x_wconf 86' lang='lat' dir='ltr'>insint</span> <span class='ocrx_word' id='word_1_161' title='bbox 2616 3201 2700 3264; x_wconf 88' lang='lat' dir='ltr'>ad</span> <span class='ocrx_word' id='word_1_162' title='bbox 2748 3200 2914 3264; x_wconf 88' lang='lat' dir='ltr'>hanc</span> 
     </span>
     <span class='ocr_line' id='line_1_26' title="bbox 668 3295 1294 3398; baseline 0.002 -20"><span class='ocrx_word' id='word_1_163' title='bbox 668 3337 804 3378; x_wconf 90' lang='lat' dir='ltr'>rem</span> <span class='ocrx_word' id='word_1_164' title='bbox 849 3317 1252 3398; x_wconf 87' lang='lat' dir='ltr'>pertinentia.</span> <span class='ocrx_word' id='word_1_165' title='bbox 1291 3295 1294 3300; x_wconf 30' lang='lat'>¹</span> 
     </span>
    </p>
   </div>
   <div class='ocr_carea' id='block_1_3' title="bbox 667 3488 2920 4561">
    <p class='ocr_par' dir='ltr' id='par_1_7' title="bbox 667 3488 2920 4290">
     <span class='ocr_line' id='line_1_27' title="bbox 667 3488 2914 3557; baseline -0 -19"><span class='ocrx_word' id='word_1_166' title='bbox 667 3499 843 3539; x_wconf 81' lang='lat' dir='ltr'>nostra</span> <span class='ocrx_word' id='word_1_167' title='bbox 891 3489 1144 3557; x_wconf 61' lang='lat' dir='ltr'>sarclitas,-</span> <span class='ocrx_word' id='word_1_168' title='bbox 1218 3488 1509 3538; x_wconf 88' lang='lat' dir='ltr'>adhibenda</span> <span class='ocrx_word' id='word_1_169' title='bbox 1577 3496 1653 3538; x_wconf 91' lang='lat' dir='ltr'>est</span> <span class='ocrx_word' id='word_1_170' title='bbox 1719 3505 1850 3554; x_wconf 89' lang='lat' dir='ltr'>quae</span> <span class='ocrx_word' id='word_1_171' title='bbox 1918 3505 2030 3539; x_wconf 88' lang='lat' dir='ltr'>eam</span> <span class='ocrx_word' id='word_1_172' title='bbox 2101 3490 2325 3540; x_wconf 86' lang='lat' dir='ltr'>sublevet</span> <span class='ocrx_word' id='word_1_173' title='bbox 2392 3488 2658 3540; x_wconf 88' lang='lat' dir='ltr'>distincti0.</span> <span class='ocrx_word' id='word_1_174' title='bbox 2731 3489 2914 3538; x_wconf 88' lang='lat' dir='ltr'>Dicam</span> 
     </span>
     <span class='ocr_line' id='line_1_28' title="bbox 667 3579 2915 3645; baseline 0 -17"><span class='ocrx_word' id='word_1_175' title='bbox 667 3581 834 3645; x_wconf 84' lang='lat' dir='ltr'>igitur,</span> <span class='ocrx_word' id='word_1_176' title='bbox 883 3586 1133 3644; x_wconf 86' lang='lat' dir='ltr'>utcunque</span> <span class='ocrx_word' id='word_1_177' title='bbox 1184 3579 1475 3630; x_wconf 83' lang='lat' dir='ltr'>ordinentur</span> <span class='ocrx_word' id='word_1_178' title='bbox 1535 3580 1702 3629; x_wconf 89' lang='lat' dir='ltr'>omnia</span> <span class='ocrx_word' id='word_1_179' title='bbox 1756 3580 1857 3629; x_wconf 87' lang='lat' dir='ltr'>Dei</span> <span class='ocrx_word' id='word_1_180' title='bbox 1908 3581 2122 3630; x_wconf 89' lang='lat' dir='ltr'>consilio</span> <span class='ocrx_word' id='word_1_181' title='bbox 2177 3588 2310 3631; x_wconf 88' lang='lat' dir='ltr'>certa</span> <span class='ocrx_word' id='word_1_182' title='bbox 2344 3579 2731 3645; x_wconf 83' lang='lat' dir='ltr'>dispensatione,</span> <span class='ocrx_word' id='word_1_183' title='bbox 2768 3580 2915 3629; x_wconf 90' lang='lat' dir='ltr'>nobis</span> 
     </span>
     <span class='ocr_line' id='line_1_29' title="bbox 667 3671 2917 3738; baseline -0.001 -16"><span class='ocrx_word' id='word_1_184' title='bbox 667 3680 836 3722; x_wconf 89' lang='lat' dir='ltr'>tamen</span> <span class='ocrx_word' id='word_1_185' title='bbox 887 3688 994 3721; x_wconf 87' lang='lat' dir='ltr'>esse</span> <span class='ocrx_word' id='word_1_186' title='bbox 1046 3671 1262 3722; x_wconf 88' lang='lat' dir='ltr'>fortuita.</span> <span class='ocrx_word' id='word_1_187' title='bbox 1329 3673 1449 3721; x_wconf 92' lang='lat' dir='ltr'>Non</span> <span class='ocrx_word' id='word_1_188' title='bbox 1502 3671 1638 3736; x_wconf 86' lang='lat' dir='ltr'>quod</span> <span class='ocrx_word' id='word_1_189' title='bbox 1693 3671 1945 3722; x_wconf 87' lang='lat' dir='ltr'>fortunam</span> <span class='ocrx_word' id='word_1_190' title='bbox 1992 3679 2275 3738; x_wconf 88' lang='lat' dir='ltr'>reputemus</span> <span class='ocrx_word' id='word_1_191' title='bbox 2309 3672 2499 3722; x_wconf 87' lang='lat' dir='ltr'>mundo</span> <span class='ocrx_word' id='word_1_192' title='bbox 2535 3689 2592 3722; x_wconf 91' lang='lat' dir='ltr'>ac</span> <span class='ocrx_word' id='word_1_193' title='bbox 2628 3671 2917 3721; x_wconf 87' lang='lat' dir='ltr'>hominibus</span> 
     </span>
     <span class='ocr_line' id='line_1_30' title="bbox 669 3763 2916 3832; baseline -0 -19"><span class='ocrx_word' id='word_1_194' title='bbox 669 3763 936 3823; x_wconf 85' lang='lat' dir='ltr'>dominari,</span> <span class='ocrx_word' id='word_1_195' title='bbox 987 3769 1270 3828; x_wconf 85' lang='lat' dir='ltr'>temereque</span> <span class='ocrx_word' id='word_1_196' title='bbox 1334 3764 1505 3812; x_wconf 83' lang='lat' dir='ltr'>omnia</span> <span class='ocrx_word' id='word_1_197' title='bbox 1551 3780 1742 3813; x_wconf 88' lang='lat' dir='ltr'>sursum</span> <span class='ocrx_word' id='word_1_198' title='bbox 1789 3765 2023 3815; x_wconf 89' lang='lat' dir='ltr'>deorsum</span> <span class='ocrx_word' id='word_1_199' title='bbox 2058 3766 2283 3815; x_wconf 89' lang='lat' dir='ltr'>volutare</span> <span class='ocrx_word' id='word_1_200' title='bbox 2316 3765 2509 3832; x_wconf 88' lang='lat' dir='ltr'>(abesse</span> <span class='ocrx_word' id='word_1_201' title='bbox 2548 3765 2684 3814; x_wconf 88' lang='lat' dir='ltr'>enim</span> <span class='ocrx_word' id='word_1_202' title='bbox 2718 3781 2748 3813; x_wconf 90' lang='lat' dir='ltr'>a</span> <span class='ocrx_word' id='word_1_203' title='bbox 2781 3763 2916 3812; x_wconf 90' lang='lat' dir='ltr'>chri-</span> 
     </span>
     <span class='ocr_line' id='line_1_31' title="bbox 669 3854 2918 3923; baseline -0.001 -17"><span class='ocrx_word' id='word_1_204' title='bbox 669 3857 832 3906; x_wconf 89' lang='lat' dir='ltr'>stiano</span> <span class='ocrx_word' id='word_1_205' title='bbox 884 3863 1085 3921; x_wconf 89' lang='lat' dir='ltr'>pectore</span> <span class='ocrx_word' id='word_1_206' title='bbox 1137 3854 1283 3904; x_wconf 89' lang='lat' dir='ltr'>decet</span> <span class='ocrx_word' id='word_1_207' title='bbox 1332 3855 1463 3904; x_wconf 87' lang='lat' dir='ltr'>hanc</span> <span class='ocrx_word' id='word_1_208' title='bbox 1515 3855 1854 3923; x_wconf 85' lang='lat' dir='ltr'>vecordiam);</span> <span class='ocrx_word' id='word_1_209' title='bbox 1890 3858 1979 3906; x_wconf 88' lang='lat' dir='ltr'>sed</span> <span class='ocrx_word' id='word_1_210' title='bbox 2016 3858 2261 3923; x_wconf 88' lang='lat' dir='ltr'>quoniam</span> <span class='ocrx_word' id='word_1_211' title='bbox 2296 3871 2470 3906; x_wconf 87' lang='lat' dir='ltr'>eorum</span> <span class='ocrx_word' id='word_1_212' title='bbox 2504 3871 2632 3921; x_wconf 89' lang='lat' dir='ltr'>quae</span> <span class='ocrx_word' id='word_1_213' title='bbox 2666 3855 2918 3918; x_wconf 86' lang='lat' dir='ltr'>eveniunt,</span> 
     </span>
     <span class='ocr_line' id='line_1_32' title="bbox 669 3947 2918 4015; baseline -0.001 -17"><span class='ocrx_word' id='word_1_214' title='bbox 669 3949 811 4011; x_wconf 79' lang='lat' dir='ltr'>orde,</span> <span class='ocrx_word' id='word_1_215' title='bbox 865 3948 1010 4007; x_wconf 87' lang='lat' dir='ltr'>rati0,</span> <span class='ocrx_word' id='word_1_216' title='bbox 1061 3947 1188 4007; x_wconf 84' lang='lat' dir='ltr'>finis,</span> <span class='ocrx_word' id='word_1_217' title='bbox 1243 3948 1524 4008; x_wconf 86' lang='lat' dir='ltr'>necessitas,</span> <span class='ocrx_word' id='word_1_218' title='bbox 1575 3956 1630 3998; x_wconf 86' lang='lat' dir='ltr'>ut</span> <span class='ocrx_word' id='word_1_219' title='bbox 1663 3949 1938 4015; x_wconf 88' lang='lat' dir='ltr'>plurimum</span> <span class='ocrx_word' id='word_1_220' title='bbox 1973 3950 2025 3998; x_wconf 90' lang='lat' dir='ltr'>in</span> <span class='ocrx_word' id='word_1_221' title='bbox 2059 3950 2156 4000; x_wconf 90' lang='lat' dir='ltr'>Dei</span> <span class='ocrx_word' id='word_1_222' title='bbox 2191 3949 2405 3999; x_wconf 87' lang='lat' dir='ltr'>consilio</span> <span class='ocrx_word' id='word_1_223' title='bbox 2440 3950 2578 4012; x_wconf 87' lang='lat' dir='ltr'>latet,</span> <span class='ocrx_word' id='word_1_224' title='bbox 2612 3955 2663 3998; x_wconf 90' lang='lat' dir='ltr'>et</span> <span class='ocrx_word' id='word_1_225' title='bbox 2696 3949 2918 3998; x_wconf 87' lang='lat' dir='ltr'>humana</span> 
     </span>
     <span class='ocr_line' id='line_1_33' title="bbox 669 4039 2918 4107; baseline 0 -19"><span class='ocrx_word' id='word_1_226' title='bbox 669 4039 889 4106; x_wconf 91' lang='lat' dir='ltr'>opinone</span> <span class='ocrx_word' id='word_1_227' title='bbox 939 4055 1041 4088; x_wconf 90' lang='lat' dir='ltr'>non</span> <span class='ocrx_word' id='word_1_228' title='bbox 1093 4039 1496 4104; x_wconf 78' lang='lat' dir='ltr'>apprehenditur.</span> <span class='ocrx_word' id='word_1_229' title='bbox 1551 4041 1695 4106; x_wconf 86' lang='lat' dir='ltr'>quasi</span> <span class='ocrx_word' id='word_1_230' title='bbox 1747 4041 1953 4091; x_wconf 82' lang='lat' dir='ltr'>fortuita</span> <span class='ocrx_word' id='word_1_231' title='bbox 2004 4048 2130 4102; x_wconf 88' lang='lat' dir='ltr'>sunt,</span> <span class='ocrx_word' id='word_1_232' title='bbox 2184 4059 2313 4107; x_wconf 85' lang='lat' dir='ltr'>quae</span> <span class='ocrx_word' id='word_1_233' title='bbox 2364 4049 2554 4091; x_wconf 87' lang='lat' dir='ltr'>certum</span> <span class='ocrx_word' id='word_1_234' title='bbox 2604 4047 2679 4090; x_wconf 86' lang='lat' dir='ltr'>est</span> <span class='ocrx_word' id='word_1_235' title='bbox 2724 4057 2783 4090; x_wconf 85' lang='lat' dir='ltr'>ex</span> <span class='ocrx_word' id='word_1_236' title='bbox 2819 4040 2918 4089; x_wconf 87' lang='lat' dir='ltr'>Dei</span> 
     </span>
     <span class='ocr_line' id='line_1_34' title="bbox 670 4130 2920 4199; baseline 0 -19"><span class='ocrx_word' id='word_1_237' title='bbox 670 4131 924 4180; x_wconf 87' lang='lat' dir='ltr'>voluntate</span> <span class='ocrx_word' id='word_1_238' title='bbox 959 4130 1236 4195; x_wconf 88' lang='lat' dir='ltr'>provenire.</span> <span class='ocrx_word' id='word_1_239' title='bbox 1274 4131 1397 4180; x_wconf 92' lang='lat' dir='ltr'>Non</span> <span class='ocrx_word' id='word_1_240' title='bbox 1433 4131 1569 4180; x_wconf 89' lang='lat' dir='ltr'>enim</span> <span class='ocrx_word' id='word_1_241' title='bbox 1603 4132 1754 4181; x_wconf 90' lang='lat' dir='ltr'>aliam</span> <span class='ocrx_word' id='word_1_242' title='bbox 1788 4133 2064 4198; x_wconf 84' lang='lat' dir='ltr'>imaginem</span> <span class='ocrx_word' id='word_1_243' title='bbox 2098 4149 2218 4199; x_wconf 89' lang='lat' dir='ltr'>prae</span> <span class='ocrx_word' id='word_1_244' title='bbox 2252 4149 2305 4183; x_wconf 91' lang='lat' dir='ltr'>se</span> <span class='ocrx_word' id='word_1_245' title='bbox 2340 4133 2518 4193; x_wconf 80' lang='lat' dir='ltr'>ferunt,</span> <span class='ocrx_word' id='word_1_246' title='bbox 2554 4140 2641 4183; x_wconf 90' lang='lat' dir='ltr'>aut</span> <span class='ocrx_word' id='word_1_247' title='bbox 2674 4133 2725 4182; x_wconf 91' lang='lat' dir='ltr'>in</span> <span class='ocrx_word' id='word_1_248' title='bbox 2745 4138 2920 4181; x_wconf 86' lang='lat' dir='ltr'>natura</span> 
     </span>
     <span class='ocr_line' id='line_1_35' title="bbox 670 4220 2919 4290; baseline 0 -18"><span class='ocrx_word' id='word_1_249' title='bbox 670 4239 758 4272; x_wconf 88' lang='lat' dir='ltr'>sua</span> <span class='ocrx_word' id='word_1_250' title='bbox 805 4220 1201 4288; x_wconf 86' lang='lat' dir='ltr'>considerata(e)‚</span> <span class='ocrx_word' id='word_1_251' title='bbox 1250 4230 1332 4271; x_wconf 87' lang='lat' dir='ltr'>aut</span> <span class='ocrx_word' id='word_1_252' title='bbox 1366 4224 1639 4273; x_wconf 88' lang='lat' dir='ltr'>secundum</span> <span class='ocrx_word' id='word_1_253' title='bbox 1680 4224 1913 4273; x_wconf 87' lang='lat' dir='ltr'>notitiam</span> <span class='ocrx_word' id='word_1_254' title='bbox 1947 4229 2169 4273; x_wconf 87' lang='lat' dir='ltr'>nostram</span> <span class='ocrx_word' id='word_1_255' title='bbox 2204 4224 2543 4289; x_wconf 87' lang='lat' dir='ltr'>iudiciumque</span> <span class='ocrx_word' id='word_1_256' title='bbox 2574 4222 2919 4290; x_wconf 87' lang='lat' dir='ltr'>aestimata(e).</span> 
     </span>
    </p>

    <p class='ocr_par' dir='ltr' id='par_1_8' title="bbox 669 4303 2919 4561">
     <span class='ocr_line' id='line_1_36' title="bbox 744 4303 2919 4384; baseline -0.001 -19"><span class='ocrx_word' id='word_1_257' title='bbox 744 4317 787 4377; x_wconf 92' lang='lat'>1)</span> <span class='ocrx_word' id='word_1_258' title='bbox 862 4315 1072 4364; x_wconf 83' lang='lat' dir='ltr'>Pausan.</span> <span class='ocrx_word' id='word_1_259' title='bbox 1111 4314 1232 4373; x_wconf 88' lang='lat' dir='ltr'><strong>VII,</strong></span> <span class='ocrx_word' id='word_1_260' title='bbox 1286 4313 1367 4369; x_wconf 79' lang='lat'>26.</span> <span class='ocrx_word' id='word_1_261' title='bbox 1420 4313 1478 4363; x_wconf 88' lang='lat'>8:</span> <span class='ocrx_word' id='word_1_262' title='bbox 1531 4317 1632 4380; x_wconf 74' lang='grc' dir='ltr'>ἐγὼ</span> <span class='ocrx_word' id='word_1_263' title='bbox 1675 4316 1776 4376; x_wconf 81' lang='grc' dir='ltr'><em>μὲν</em></span> <span class='ocrx_word' id='word_1_264' title='bbox 1811 4303 1906 4366; x_wconf 69' lang='grc' dir='ltr'><em>οὖν</em></span> <span class='ocrx_word' id='word_1_265' title='bbox 1941 4314 2233 4384; x_wconf 78' lang='grc' dir='ltr'><em>ΙΙινδοίρου</em></span> <span class='ocrx_word' id='word_1_266' title='bbox 2269 4317 2339 4364; x_wconf 71' lang='grc' dir='ltr'>τά</span> <span class='ocrx_word' id='word_1_267' title='bbox 2374 4335 2433 4366; x_wconf 76' lang='grc' dir='ltr'>τε</span> <span class='ocrx_word' id='word_1_268' title='bbox 2472 4317 2613 4366; x_wconf 81' lang='grc' dir='ltr'><strong><em>ἄλλα</em></strong></span> <span class='ocrx_word' id='word_1_269' title='bbox 2650 4318 2919 4377; x_wconf 73' lang='grc' dir='ltr'>πείθομαι</span> 
     </span>
     <span class='ocr_line' id='line_1_37' title="bbox 669 4399 2919 4476; baseline 0.002 -24"><span class='ocrx_word' id='word_1_270' title='bbox 669 4413 741 4471; x_wconf 84' lang='grc' dir='ltr'>τῇ</span> <span class='ocrx_word' id='word_1_271' title='bbox 791 4404 926 4472; x_wconf 76' lang='grc' dir='ltr'>ᾠδῇ,</span> <span class='ocrx_word' id='word_1_272' title='bbox 982 4407 1068 4453; x_wconf 75' lang='grc' dir='ltr'>καὶ</span> <span class='ocrx_word' id='word_1_273' title='bbox 1120 4403 1336 4472; x_wconf 77' lang='grc' dir='ltr'><em>Μοιρῶν</em></span> <span class='ocrx_word' id='word_1_274' title='bbox 1387 4423 1444 4454; x_wconf 69' lang='grc' dir='ltr'>τε</span> <span class='ocrx_word' id='word_1_275' title='bbox 1500 4399 1638 4455; x_wconf 76' lang='grc' dir='ltr'><em>εἶναι</em></span> <span class='ocrx_word' id='word_1_276' title='bbox 1688 4411 1821 4466; x_wconf 77' lang='grc' dir='ltr'><em>μίαν</em></span> <span class='ocrx_word' id='word_1_277' title='bbox 1868 4411 1971 4472; x_wconf 85' lang='grc' dir='ltr'>τὴν</span> <span class='ocrx_word' id='word_1_278' title='bbox 2018 4407 2205 4474; x_wconf 73' lang='grc' dir='ltr'><em>Τύχην</em></span> <span class='ocrx_word' id='word_1_279' title='bbox 2243 4412 2329 4457; x_wconf 78' lang='grc' dir='ltr'>καὶ</span> <span class='ocrx_word' id='word_1_280' title='bbox 2367 4408 2502 4476; x_wconf 71' lang='grc' dir='ltr'>ὑπὲρ</span> <span class='ocrx_word' id='word_1_281' title='bbox 2538 4409 2639 4466; x_wconf 83' lang='grc' dir='ltr'>τὰς</span> <span class='ocrx_word' id='word_1_282' title='bbox 2675 4407 2919 4465; x_wconf 78' lang='grc' dir='ltr'><strong><em>ἀδελφάς</em></strong></span> 
     </span>
     <span class='ocr_line' id='line_1_38' title="bbox 671 4497 988 4561; baseline 0.003 -18"><span class='ocrx_word' id='word_1_283' title='bbox 671 4513 734 4546; x_wconf 70' lang='grc' dir='ltr'>τε</span> <span class='ocrx_word' id='word_1_284' title='bbox 766 4497 988 4561; x_wconf 70' lang='grc' dir='ltr'><em>ἰσχύειν.</em></span> 
     </span>
    </p>
   </div>
  </div>
 </body>
</html>
