3442 4975
1585 367 1666 434 27

486 563 695 616 ,versu
745 560 943 623 supra
989 539 1255 604 laudato
1299 530 1376 625 (ὦ
1422 543 1568 617 Ζεῦ,
1615 538 1941 617 γυναικῶν
1990 532 2119 601 οἷον
2153 539 2413 612 ὤπασας
2438 540 2659 626 γένος),
2696 543 2755 626 1)

489 667 602 723 aut
647 678 735 720 ex
793 657 975 720 vario
1027 676 1143 718 usu
1193 656 1386 718 huius
1433 656 1633 737 patris
1679 654 1863 717 vocis
1911 653 2361 736 proficiscitur.

591 769 822 834 Graeci
894 770 1068 831 enim
1142 770 1206 832 in
1269 770 1446 833 Iovis
1509 777 1831 851 potestate
1876 770 2168 852 positum
2216 790 2359 833 esse
2406 771 2758 835 credebant

502 883 881 971 hqminibus
949 892 1014 949 et
1081 883 1248 947 bene
1316 892 1380 946 et
1444 882 1615 946 male
1659 882 1887 958 facere,
1938 903 2091 945 eum
2138 904 2335 966 porro
2380 884 2567 947 bonis
2605 906 2753 968 pro-

503 1000 738 1082 pitium
809 1018 970 1075 esse,
1043 996 1254 1060 malos
1321 1006 1542 1060 autem
1603 1016 1690 1059 ex
1738 998 1949 1061 stultis
1994 997 2349 1079 prudentes
2396 998 2604 1062 facere
2640 994 2753 1077 'e0‚

500 1114 682 1197 quod
757 1112 1020 1195 culpam
1091 1120 1472 1195 sequeretur
1532 1131 1747 1193 poena
1791 1120 1856 1175 et
1902 1110 2369 1175 detrimentum
2416 1112 2753 1175 stultitiam

503 1228 767 1318 (Agam.
828 1225 1234 1303 161·-168):

899 1343 1078 1419 Ζῆνα
1129 1337 1195 1402 δέ
1246 1362 1342 1411 τι,Ί
1389 1344 1760 1421 προφρόνως
1810 1338 2097 1401 ἐπινίκια
2148 1338 2399 1415 κλάζων

897 1452 1189 1526 τεύξεται
1237 1456 1484 1534 φρενῶν
1534 1456 1606 1514 τὸ
1655 1457 1813 1515 πᾶν·

902 1568 1014 1628 τὸν
1061 1574 1315 1649 φρονεῖν
1365 1569 1630 1653 βροτούς
1675 1567 1839 1631 ὀδώ-

903 1701 1132 1759 σαντα,
1181 1682 1293 1743 τὸν
1344 1686 1546 1743 πάθει
1596 1686 1807 1763 μάθος

902 1794 1114 1857 θέντα
1161 1796 1389 1878 κυρίως
1436 1796 1623 1879 ἔχειν.

906 1909 1120 1983 στάζει
1170 1908 1205 1972 ὅ
1255 1910 1324 1971 ἔν
1373 1914 1444 1971 θ’
1494 1909 1680 1992 ὕπνῳ
1730 1911 1855 1992 πρὸ
1902 1908 2167 1991 καρδίας

904 2030 1327 2106 μνησιπήμων
1378 2027 1591 2097 πόνος·
1641 2026 1745 2085 καὶ
1794 2029 1950 2105 παρ’
1995 2028 2076 2085 ἄ-

912 2160 1144 2211 κοντας
1191 2133 1351 2218 ἦλθε
1401 2145 1764 2220 σωφρονεῖν,

518 2252 837 2333 putabant
882 2253 1164 2338 denique
1209 2275 1396 2317 suam
1443 2254 1720 2318 salutem
1760 2262 1968 2317 totam
2008 2254 2071 2317 in
2099 2255 2260 2317 Iove
2285 2254 2567 2336 positam
2592 2274 2757 2318 esse.

518 2368 739 2450 Quam
787 2370 874 2433 ob
923 2392 1060 2433 rem
1107 2392 1262 2433 eum
1307 2380 1558 2453 patrem
1604 2372 2040 2453 appellabant,
2092 2373 2271 2455 quasi
2319 2371 2445 2433 hoc
2494 2370 2761 2433 nomine
2825 2446 2831 2451 .

511 2505 663 2547 eum
736 2486 857 2548 sibi
928 2487 1275 2550 conciliare
1319 2487 1580 2563 vellent,
1654 2496 1859 2570 utque
1926 2491 2105 2562 Ζευς,
2154 2484 2495 2550 submissis
2553 2484 2757 2548 homi-

511 2619 668 2661 num
716 2601 950 2662 animis
1000 2610 1395 2679 commotu5‚
1463 2618 1599 2680 eoS,
1670 2610 1987 2685 tanquam
2037 2611 2223 2684 pater
2268 2601 2528 2677 liberOS,
2598 2610 2759 2664 trac-

512 2721 698 2776 taret.
781 2714 934 2778 Hoc
1001 2735 1194 2778 sensu
1265 2723 1448 2797 pater
1523 2714 1678 2777 nihil
1748 2716 1929 2778 aliud
1999 2716 2320 2798 significat
2387 2717 2508 2778 nisi
2580 2714 2759 2788 illud,

510 2827 691 2909 quod
760 2836 945 2909 pater
1013 2828 1230 2891 liberis
1278 2829 1476 2891 debet
1523 2848 1704 2891 esse:
1778 2831 2095 2893 educator
2144 2829 2280 2892 scil.
2329 2838 2395 2892 et
2441 2837 2653 2892 rector
2698 2836 2762 2890 et

507 2941 782 3017 adiutor,
856 2943 908 3005 is
978 2943 1282 3026 denique,
1345 2943 1457 3025 qui
1525 2945 1797 3006 omnino
1845 2945 2204 3006 liberorum
2276 2943 2465 3005 saluti
2513 2943 2760 3024 prospi-

508 3055 652 3119 ciat.
746 3054 910 3118 Inde
980 3057 1198 3118 omnia
1267 3055 1377 3118 illa
1446 3058 1732 3134 nomina,
1805 3078 1975 3140 quae
2044 3056 2213 3120 hanc
2262 3057 2437 3119 Iovis
2482 3057 2758 3136 patriam

511 3190 734 3232 curam
803 3179 1145 3249 testantur,
1211 3180 1282 3234 ut
1330 3167 1739 3251 ἀλεξητήριος
1788 3171 1873 3254 2),
1922 3169 2209 3251 ἀφίκτωρ
2260 3170 2346 3251 3),
2398 3166 2624 3238 ἱκέσιο,·
2669 3167 2759 3252 4),

512 3287 763 3360 κτήσιο;
814 3284 896 3365 5),
944 3289 1152 3364 σωτήρ
1200 3284 1289 3365 6),
1335 3284 1479 3346 alia.
1528 3284 1769 3346 Nonne
1813 3284 1997 3346 vides
2045 3285 2173 3347 iam
2224 3285 2305 3346 de
2330 3283 2594 3365 reliquis
2620 3302 2759 3344 om-

513 3394 706 3456 nibus
753 3395 876 3457 diis
923 3405 1146 3460 actum
1197 3418 1362 3474 esse,
1407 3398 1650 3479 quippe
1675 3397 1918 3478 quibus
1947 3398 2127 3460 nulla
2153 3405 2350 3460 restet
2374 3404 2667 3478 potestas
2694 3397 2758 3456 in

508 3507 805 3571 homines
832 3515 859 3572 ?
906 3509 1036 3572 Sed
1064 3513 1192 3573 iam
1217 3512 1632 3594 pervenimus
1656 3512 1741 3572 ad
1765 3513 2025 3575 tertiam
2052 3511 2455 3596 quaestionis
2480 3519 2755 3594 partem.

599 3624 710 3685 ΙΙΙ.
801 3627 1026 3696 Ζεύς
1102 3621 1189 3689 e't
1259 3645 1566 3688 rerum
1636 3634 1998 3690 natura.

585 3807 632 3869 1)
697 3809 892 3858 Fabula
943 3811 1143 3876 Epaphi
1195 3811 1372 3861 eodem
1426 3811 1673 3875 pertinere
1708 3812 1921 3863 videtur.
1991 3814 2231 3878 Epaphus
2266 3813 2402 3862 enim
2438 3818 2511 3860 est
2545 3825 2761 3875 proavus

509 3899 590 3948 vel
633 3902 862 3950 conditor
898 3903 1028 3968 nigri
1062 3903 1324 3952 hominum
1365 3902 1575 3967 generiS,
1611 3904 1746 3967 quod
1783 3905 1931 3969 igitur
1966 3921 2055 3970 per
2089 3922 2201 3954 eum
2238 3922 2351 3954 cum
2386 3904 2578 3952 Graeca
2611 3903 2763 3967 stirpe

516 3993 838 4042 coniunctum
873 4001 964 4048 est.
1029 3997 1032 4002 '

542 4107 548 4116 ·
577 4083 627 4149 2)
698 4084 835 4149 Sept.
871 4083 920 4134 8.

577 4174 631 4241 3)
697 4175 876 4240 Suppl.
917 4190 958 4226 1.

576 4270 631 4332 4)
701 4268 878 4332 Suppl.
915 4269 1030 4332 366.

579 4357 629 4423 5)
698 4359 880 4422 Suppl.
914 4359 1032 4420 428.

579 4449 630 4515 6)
699 4451 874 4516 Suppl.
913 4452 993 4514 26,
1027 4452 1230 4516 passim.
