3442 4975
1606 451 1729 518 ι59

1597 649 1746 711 XII.

641 826 910 910 Speijer,
1004 824 1512 890 Observationes
1581 836 1646 890 et
1712 827 2226 904 emendationeS,
2316 823 2523 888 Gron.
2606 828 2795 908 1891,

547 963 697 1024 pag.
754 941 830 1004 16
879 943 1095 1005 minus
1142 951 1318 1005 recte
1368 942 1603 1005 Horat.
1653 940 1793 1004 Sat.
1844 941 1898 1018 I,
1952 953 2010 1018 5,
2044 958 2111 1002 11
2147 949 2281 1002 tum
2308 941 2793 1003 mutatincum.

1595 1119 1775 1182 XIII.

640 1299 875 1362 Horat.
926 1297 1129 1379 Epist.
1179 1298 1230 1375 I,
1302 1299 1401 1374 18,
1453 1314 1537 1376 24
1571 1295 1971 1378 paupertatis
2002 1295 2224 1377 pudor
2262 1305 2326 1358 et
2348 1296 2529 1376 suga
2575 1295 2797 1377 legen-

551 1414 708 1476 dum
779 1421 900 1485 est,
971 1432 1125 1487 non,
1197 1421 1266 1474 ut
1336 1409 1584 1493 Speijer
1642 1419 1831 1493 putat
1892 1430 1999 1492 op.
2050 1408 2090 1471 l.
2138 1429 2205 1490 p.
2248 1427 2361 1490 49,
2394 1408 2798 1490 paupertatis

537 1526 757 1608 pudor
797 1525 1000 1604 angit.

1570 1687 1794 1749 XIIII.

642 1866 775 1931 Cic.
839 1866 907 1928 in
997 1866 1248 1930 Verrem
1320 1866 1408 1940 II,
1485 1865 1596 1947 56:
1651 1915 1682 1938 ,.
1703 1865 1788 1927 Te
1834 1873 2045 1928 autem
2078 1873 2368 1946 praetore
2411 1862 2550 1946 quis
2591 1883 2803 1926 censor

555 1992 672 2043 aut
711 1979 914 2059 legem
960 1989 1270 2055 metueret,
1315 2001 1442 2060 qua
1487 2001 1611 2042 non
1658 1980 1997 2054 tenebatur,
2044 1977 2338 2060 quoniam
2383 1987 2624 2040 creatus
2666 1978 2802 2056 lege

551 2115 673 2164 non
697 2102 852 2168 erat,
877 2102 994 2156 aut
1013 2092 1624 2155 animadversionem
1648 2103 1845 2172 tuam,
1870 2114 2008 2155 cum
2035 2092 2339 2175 (Speijerz
2366 2092 2496 2176 qui)
2521 2092 2608 2170 ia',
2632 2091 2808 2173 quod

550 2203 662 2270 abs
710 2216 767 2269 te
812 2217 1067 2284 emerat,
1114 2204 1545 2271 vendidisset''
1592 2206 1844 2290 Speijer
1889 2210 2206 2290 optimam
2249 2208 2636 2271 sententiam
2660 2228 2801 2270 ver-

550 2322 631 2383 tit
676 2322 740 2383 in
787 2321 1163 2403 pessimam,
1213 2323 1457 2405 quippe
1503 2323 1615 2405 qui
1664 2323 1841 2405 legat
1886 2321 2267 2384 vendidisses
2313 2321 2446 2404 (op.
2490 2320 2533 2384 l.
2571 2341 2637 2404 p.
2665 2321 2797 2404 73).

1603 2498 1752 2564 XV.

646 2677 802 2741 Tae.
852 2678 1027 2743 Hist.
1078 2680 1166 2755 II,
1211 2695 1334 2758 40:
1387 2680 1574 2752 „Non
1618 2689 1692 2742 ut
1732 2678 1828 2741 ad
1854 2688 2149 2760 pugnam
2192 2680 2309 2742 sed
2336 2677 2433 2741 ad
2445 2674 2803 2740 bellandum

543 2790 824 2872 profecti
890 2792 1260 2875 confluentes
1330 2792 1500 2855 Padi
1560 2803 1622 2856 et
1684 2792 1911 2856 Aduae
1958 2793 2309 2878 fluminum
2352 2791 2617 2856 sedecim
2660 2790 2801 2854 inde

554 2905 796 2969 milium
839 2906 1040 2987 spatio
1075 2906 1377 2970 distantes
1399 2905 1738 2988 petebant”
1767 2907 2069 2970 Heraeus
2098 2915 2271 2969 recte
2294 2904 2435 2969 inde
2462 2906 2546 2968 ad
2571 2914 2800 2978 castra,
2887 2961 2892 2966 .

558 3018 857 3081 distantes
924 3020 1007 3081 ad
1075 3020 1444 3101 corfiuentes
1491 3020 1684 3083 refert
1702 3043 1718 3096 ;
1794 3020 2127 3082 Prammer
2172 3028 2391 3083 autem
2440 3028 2635 3093 errat,
2682 3019 2795 3100 qui

557 3141 742 3213 putet
799 3131 941 3194 inde
998 3133 1080 3195 ad
1130 3134 1505 3215 confluentes,
1551 3132 1855 3196 distantes
1899 3133 1983 3195 ad
2030 3134 2384 3196 sententiae
2431 3133 2800 3195 subiectum

557 3253 871 3327 spectare.

1587 3398 1777 3461 XVI.

648 3574 738 3637 A.
811 3569 1095 3650 Pierson,
1165 3570 1393 3638 Hellas
1460 3575 1512 3652 I,
1585 3592 1707 3655 313
1757 3578 1811 3638 is
1859 3585 1991 3640 met
2037 3576 2120 3639 de
2167 3575 2488 3640 waarheid
2536 3596 2616 3639 en
2663 3575 2805 3638 zich

557 3688 685 3750 zelf
722 3686 788 3750 in
835 3688 1035 3769 strijd,
1083 3689 1180 3752 als
1227 3686 1312 3770 hij
1363 3696 1545 3769 zegt:
1599 3686 1774 3770 „Wij
1823 3686 2079 3751 kennen
2106 3689 2188 3752 de
2214 3686 2806 3771 noodwendigheid

563 3802 668 3864 die
714 3811 1070 3883 tegenover
1115 3822 1277 3865 onze
1322 3799 1633 3883 zedeliJ'ke
1679 3801 1954 3883 vrijheid
2010 3811 2195 3880 staat,
2243 3801 2483 3867 sleehts
2530 3804 2593 3865 in
2640 3811 2805 3866 twee

562 3936 869 3979 vormen:
919 3916 996 3977 &f
1033 3916 1128 3979 als
1177 3937 1297 3979 een
1343 3916 1974 3999 bovennatuurlijke,
2007 3917 2084 3979 <bf
2095 3915 2190 3979 als
2215 3937 2332 3980 een
2357 3915 2770 3998 zielkundige
2786 3942 2803 3993 3

563 4028 639 4090 &f
674 4028 770 4092 als
819 4030 902 4091 de
951 4028 1549 4112 voorbeschikking
1595 4051 1720 4093 van
1770 4051 1887 4093 een
1936 4028 2111 4108 God,
2159 4039 2342 4094 naast
2385 4030 2584 4094 wiens
2624 4051 2806 4094 over-

562 4142 971 4225 weldigende
1017 4142 1532 4207 werkzaamheid
1580 4144 1662 4207 de
1708 4165 1870 4207 onze
1914 4145 2209 4209 terstond
2256 4143 2383 4207 alle
2428 4144 2805 4209 beteekenis

565 4254 854 4332 verliest;
925 4256 1001 4318 &f
1060 4256 1156 4319 als
1219 4278 1338 4321 een
1402 4256 1843 4321 mechanisme
1888 4278 2013 4321 van
2062 4254 2517 4323 hartstochten
2560 4256 2807 4322 welker

565 4369 937 4434 slachtoffer
983 4372 1083 4453 wij
1127 4373 1274 4454 zijn.
1321 4372 1701 4453 Aangezien
1749 4370 1876 4434 alle
1922 4368 2333 4435 letterkunde
2380 4371 2510 4434 den
2535 4370 2805 4435 mensch

565 4482 848 4561 teekent,
920 4486 975 4565 is
1045 4495 1176 4548 met
1245 4486 1395 4547 dien
1465 4492 1716 4547 eersten
1784 4505 1974 4548 vorm
2036 4485 2152 4548 der
2212 4484 2806 4568 noodwendigheid
