3442 4975
1620 442 1699 504 41

535 635 752 697 neque
799 634 882 676 ex
933 634 991 676 v.
1043 599 1427 695 752—'753z

1161 721 1414 805 θέλοιμι
1465 721 1521 784 δ’
1567 726 1649 785 ἄν
1694 723 2000 805 μορσίμου

1161 838 1392 922 βρόχου
1439 833 1653 919 τυχεῖν
1703 838 1771 899 ἐν
1818 836 2153 918 ἀρτάναις,

535 956 652 1018 sed
734 976 815 1017 eo
909 953 1141 1017 melius
1227 974 1311 1015 ex
1391 974 1455 1015 v.
1534 968 1720 1031 1014,
1796 954 1907 1035 qui
1977 953 2275 1017 versibus
2354 953 2789 1033 1015-1016

537 1070 940 1152 explicatur:

982 1180 1016 1242 ὅ
1064 1180 1129 1241 τί
1177 1202 1274 1241 τοι
1322 1181 1624 1261 μόρσιμόν
1675 1179 1867 1257 ἐστιν,
1917 1180 1991 1241 τὸ
2036 1178 2268 1257 γένοιτ’
2314 1185 2415 1243 ἄν.

985 1296 1136 1368 Διὸς
1183 1294 1254 1358 οὐ
1305 1296 1642 1380 παρβατός
1682 1297 1856 1357 ἐστιν

979 1407 1227 1491 μεγάλα
1273 1413 1434 1491 φρὴν
1483 1408 1823 1491 ἀπέρατος.

627 1527 1084 1604 Desiderasne,
1156 1545 1424 1608 quaeSO,
1494 1525 1692 1589 verba
1756 1527 1964 1607 magis
2012 1524 2317 1600 dilucida,
2367 1534 2439 1590 ut
2483 1536 2791 1609 appareat

539 1641 794 1704 nullum
843 1641 1050 1704 saturn
1099 1660 1266 1720 esse,
1315 1640 1432 1701 nisi
1481 1640 1658 1721 quod
1706 1641 1865 1711 Ζεΰς
1912 1625 2311 1701 constituat?

627 1754 1001 1818 Dicendum
1051 1754 1333 1835 denique
1378 1761 1476 1816 est
1519 1753 1602 1815 de
1646 1772 1813 1815 voce
1859 1772 2029 1834 quae
2062 1760 2159 1815 est
2182 1742 2387 1812 Αἷσα.
2440 1751 2631 1834 Quae
2655 1772 2793 1817 vox

543 1877 613 1932 ut
660 1868 834 1952 apud
883 1888 1110 1930 omnes
1157 1867 1290 1929 fere
1337 1867 1683 1949 scriptores
1734 1866 2021 1929 Graecos
2069 1867 2241 1929 idem
2268 1866 2587 1949 significat
2610 1869 2789 1950 quod

546 1985 794 2063 Μοῖρα,
859 1984 950 2044 sic
1010 2001 1142 2044 non
1189 1980 1374 2043 aliter
1420 2000 1522 2043 res
1568 2000 1639 2042 se
1685 1979 1883 2043 habet
1928 1979 1994 2044 in
2041 1978 2361 2062 Aeschyli
2408 1981 2790 2063 tragoediiS,

540 2094 649 2159 ubi
729 2086 884 2156 αἶσα
952 2116 1162 2178 aeque
1207 2115 1284 2158 ac
1328 2100 1518 2174 μοῖρα
1564 2095 1774 2158 fatum
1832 2093 1888 2177 1)
1936 2093 2258 2176 significat
2304 2104 2368 2157 et
2412 2104 2654 2158 sortem
2704 2097 2789 2181 2).

539 2211 646 2273 De
719 2209 1084 2291 Supplicum
1150 2232 1210 2274 v.
1288 2222 1412 2289 205
1478 2230 1610 2272 non
1656 2214 1775 2286 est,
1822 2229 1939 2271 cur
1985 2209 2220 2281 dicam.
2268 2229 2420 2271 curn
2468 2208 2595 2272 hoc
2642 2209 2791 2272 loco

538 2316 689 2385 αἶσα
736 2324 910 2387 idem
960 2324 1296 2405 significet,
1345 2324 1522 2406 quod
1571 2343 1734 2385 sors,
1784 2322 2056 2386 Danaus
2098 2324 2266 2385 enim
2301 2323 2457 2387 dicit
2482 2324 2566 2407 (v.
2596 2326 2789 2403 204):

537 2440 733 2515 ἁγνόν
785 2442 845 2499 τ’
889 2434 1186 2500 Ἀπόλλω
1232 2434 1465 2516 φυγάδ’
1510 2437 1628 2499 (ἐπ’
1673 2436 1947 2519 οὐρα-νοῦ
1996 2440 2152 2499 θεόν
2199 2434 2588 2522 (κικλήσκετε
2631 2437 2791 2523 scil.)

536 2553 620 2616 ad
668 2553 847 2636 quod
894 2553 1132 2617 chorus
1171 2553 1533 2636 'respondet
1577 2551 1667 2639 (v.
1717 2552 1901 2636 205):

896 2662 1072 2739 εῗδὼς
1118 2667 1202 2726 ἂν
1252 2658 1678 2745 αἷσαντήνδε
1728 2667 2029 2749 συγγνοίη
2078 2667 2143 2751 3)
2188 2669 2453 2753 βροτοῖς.

628 2779 762 2842 Hic
828 2780 913 2842 ad
982 2799 1213 2843 vocem
1265 2771 1454 2841 αἶσαν
1503 2780 1942 2863 supplendum
1992 2790 2092 2846 est
2138 2773 2527 2861 φευγόντων,
2577 2782 2669 2844 ita
2719 2790 2791 2844 ut

536 2893 640 2955 hic
685 2914 911 2957 versus
955 2894 1048 2956 sic
1095 2895 1616 2977 interpretandus
1664 2896 1780 2958 sit:
1828 2895 2080 2979 Apollo
2128 2918 2301 2966 curn,
2330 2897 2583 2960 noverit
2619 2894 2787 2956 hanc

536 3016 776 3071 sortem
825 3008 1242 3090 fugientium,
1291 3008 1676 3072 mortalibus
1726 3009 1917 3071 adsit.

629 3122 719 3185 V.
773 3123 896 3203 528
967 3122 1169 3185 verba
1240 3122 1305 3183 ἐν
1369 3119 1521 3206 αἴσᾳ
1569 3121 1951 3185 scholiastes
1998 3130 2171 3186 recte
2218 3124 2677 3204 interpretatur
2725 3121 2789 3182 ἐν

539 3232 903 3320 εἱμαρμένῃ,
975 3235 1085 3298 ubi
1153 3237 1352 3319 igitur
1419 3225 1572 3296 αἶσα
1641 3244 1743 3298 est
1809 3239 2016 3314 μοῖρα,
2088 3237 2202 3298 sed
2267 3257 2459 3298 sensu
2508 3235 2789 3316 passiVO,

540 3352 720 3433 quod
769 3351 834 3413 in
884 3349 1134 3431 Septem
1181 3351 1378 3413 etiam
1422 3350 1721 3429 μόρσιμον
1769 3348 2171 3431 appellatum
2219 3360 2365 3412 esse
2411 3351 2720 3413 vidimuS.

629 3463 695 3525 V
742 3480 848 3543 72.
899 3463 1133 3528 Codex
1179 3463 1658 3527 Laurentianus
1706 3462 1941 3527 habet:
2097 3448 2101 3456 ’

611 3674 658 3740 1)
726 3675 830 3724 Cfr.
872 3676 1084 3742 Cleob'ph.
1119 3677 1248 3739 629:
1319 3675 1677 3744 προχαλκεύει
1732 3668 1920 3725 δἈἶσα
1976 3678 2380 3744 φασγανουργὸς
2446 3693 2559 3726 curn
2611 3679 2793 3742 Agam.

543 3769 900 3832 1097-1498=
1749 3783 1758 3787 ·

876 3859 1000 3908 δέκα
1037 3857 1272 3926 (δίκανΡ)
1309 3859 1364 3907 δ’
1403 3860 1472 3908 ἐπ’
1507 3859 1639 3909 ἄλλο
1674 3863 1906 3928 πρᾶγμα
1946 3861 2189 3927 θηγάνει
2227 3859 2457 3926 βλάβης

874 3954 1007 4019 πρὸς
1044 3951 1240 4011 ἄλλαις
1280 3952 1561 4019 θηγάναις
1597 3953 1796 4022 Μοῖρα.

605 4042 921 4108 (Subiectum
968 4043 1150 4108 Μοῖρα
1204 4044 1288 4093 hic
1339 4051 1482 4094 tueor
1532 4052 1704 4094 contra
1756 4046 2103 4110 Musgravium
2157 4049 2207 4093 et
2239 4044 2519 4103 Wecklein,
2567 4051 2793 4110 respectu

539 4134 716 4184 habito
770 4150 938 4184 versus
992 4137 1091 4200 629
1141 4151 1203 4186 ex
1263 4136 1491 4201 Choeph„
1544 4137 1634 4184 ubi
1681 4129 1827 4186 Αἶσα
1882 4135 2161 4185 subiectum
2216 4136 2322 4202 est).
2379 4163 2442 4172 --
2478 4137 2608 4185 Vide
2641 4138 2792 4186 etiam

539 4225 716 4290 Suppl.
752 4227 850 4290 643
883 4250 895 4278 ε

1064 4319 1130 4378 ὃς,
1154 4319 1317 4386 (Ζεὺς
1351 4321 1482 4387 scil.)
1515 4321 1680 4388 πολιῷ
1715 4320 1853 4386 νόμῳ
1888 4312 2049 4369 αἶσαν
2085 4321 2259 4388 ὀρθοῖ.

607 4408 659 4475 2)
693 4409 754 4459 E.
785 4425 864 4474 gr.
904 4410 1117 4475 Choipk.
1155 4423 1233 4475 70,
1270 4422 1386 4476 357,
1419 4425 1538 4475 920.

607 4498 658 4564 3)
728 4501 810 4550 Ad
846 4499 976 4551 hanc
1012 4517 1186 4554 vocem
1217 4503 1335 4553 vide
1371 4503 1647 4554 Wellaueri
1680 4503 1899 4564 lexicon,
1931 4519 1980 4568 p.
2020 4513 2111 4567 137
2148 4508 2197 4551 et
2233 4516 2347 4568 245.
