3442 4975
1588 1214 1899 1280 CAPUT
1946 1214 2065 1278 IV.

1473 1405 1584 1466 DE
1632 1376 1758 1466 nEi
1805 1416 2185 1468 ΒοΝΙΤΑΤΕ.

795 1825 1023 1888 Restat
1093 1834 1162 1888 ut
1231 1824 1312 1886 de
1383 1823 1487 1886 dei
1550 1822 1903 1904 Aeschylei
1967 1822 2257 1885 bonitate
2329 1821 2565 1898 dicam,
2640 1840 2837 1904 quam
2884 1821 2949 1882 in

703 1940 840 2000 eius
886 1937 1118 2000 fabulis
1166 1938 1438 2000 minime
1483 1935 1835 2000 desiderari
1882 1958 1966 1999 ex
2013 1938 2107 2013 iis,
2157 1956 2327 2019 quae
2372 1933 2698 2017 prioribus
2724 1935 2948 2014 scripsi

703 2052 1045 2135 capitibuS,
1093 2053 1223 2114 iam
1270 2052 1415 2115 luce
1462 2052 1696 2114 clarius
1747 2060 1864 2115 est.
1915 2051 2113 2113 Nunc
2160 2061 2380 2114 tamen
2408 2051 2645 2126 omnia,
2672 2069 2841 2132 quae
2866 2049 2949 2110 ad

703 2166 872 2229 hanc
922 2186 1057 2228 rem
1107 2166 1552 2229 illustrandam
1591 2165 1869 2228 alicuius
1910 2174 2061 2227 sunt
2100 2165 2435 2241 momenti,
2462 2163 2691 2226 afferre
2713 2163 2947 2244 placet.

794 2281 1169 2362 Unicuique
1240 2280 1457 2362 igitur,
1506 2280 1617 2362 qui
1664 2278 1985 2360 Aeschyli
2033 2277 2404 2360 tragoedias
2450 2277 2750 2360 quamvis
2798 2296 2946 2358 pro-

705 2413 938 2475 perans
985 2393 1324 2474 percurrit,
1373 2394 1504 2454 iam
1551 2393 1770 2455 statim
1818 2393 2235 2475 perspicuum
2284 2392 2372 2466 fit,
2422 2412 2553 2473 qua
2600 2390 2665 2452 in
2692 2389 2949 2452 rehaec

707 2508 810 2569 dei
880 2508 1136 2569 bonitas
1185 2508 1470 2569 maxime
1519 2507 1857 2570 manifesta
1905 2508 2007 2582 sit,
2056 2528 2348 2570 amorem
2397 2486 2948 2570 benevolentiam-

704 2642 832 2703 que
899 2620 966 2683 in
1042 2620 1338 2681 homines
1407 2622 1552 2683 dico
1615 2631 1680 2683 et
1728 2619 2265 2684 misericordiam.
2361 2622 2688 2683 Homines
2736 2641 2775 2682 a
2820 2621 2947 2682 deo

702 2736 903 2796 amari
973 2743 1243 2815 apparet
1312 2755 1398 2795 ex
1469 2755 1570 2808 e0,
1619 2735 1799 2816 quod
1850 2736 2071 2797 omnia
2118 2734 2311 2812 bona,
2362 2736 2603 2817 quibus
2650 2733 2949 2796 homines

701 2849 1014 2924 fruantur,
1084 2869 1123 2909 a
1193 2847 1317 2909 deo
1389 2848 1464 2909 iis
1533 2847 1799 2909 affluere
1869 2850 2192 2911 dicuntur.
2284 2848 2352 2912 Si
2414 2850 2587 2911 enim
2640 2847 2945 2911 mortales

703 2961 1134 3045 prosperitate
1182 2969 1474 3037 utuntur,
1525 2958 1656 3023 hoc
1703 2963 1808 3025 dei
1855 2962 2219 3045 appellatur
2264 2963 2512 3025 donum
2563 2961 2733 3042 Sept.
2781 2960 2944 3023 608:

1060 3081 1214 3139 θεοῦ
1264 3072 1330 3136 δὲ
1379 3070 1579 3156 δῶρόν
1631 3076 1803 3137 ἐστιν
1853 3073 2141 3158 εὐτυχεῖν
2188 3076 2468 3160 βροτούς.
2528 3077 2585 3159 1)

793 3192 982 3267 Item,
1031 3192 1081 3253 si
1133 3200 1305 3253 recte
1350 3192 1610 3274 sapiunt
1655 3192 1825 3254 Pers.
1876 3192 2041 3273 763:

1059 3304 1207 3375 θεὸς
1252 3304 1371 3385 γὰρ
1419 3304 1530 3367 οὐκ
1580 3308 1878 3386 ἤχθηρεν,
1926 3328 2009 3376 ως
2059 3310 2299 3387 εὔφρων
2349 3304 2488 3384 ἔφυ.

795 3420 880 3483 Et
925 3419 1164 3498 Agam.
1215 3420 1598 3500 891—892:

1509 3534 1614 3593 καὶ
1663 3534 1735 3594 τὸ
1779 3536 1863 3613 μὴ
1914 3534 2119 3605 κακῶς
2164 3538 2411 3615 φρονεῖν

1065 3649 1217 3707 θεοῦ
1263 3643 1558 3725 μέγιστον
1609 3643 1825 3728 δῶρον.

793 3762 960 3824 Tam
1004 3760 1264 3843 penitus
1311 3760 1376 3821 in
1424 3759 1766 3823 hominum
1814 3760 2048 3823 animis
2086 3759 2393 3822 haerebat
2422 3760 2619 3823 deum
2647 3760 2943 3823 omnium

704 3875 1030 3938 bonorum
1101 3883 1438 3937 auctorem
1511 3894 1674 3952 esse,
1748 3883 1820 3938 nt
1887 3873 2175 3956 populus
2239 3873 2322 3936 ab
2372 3873 2645 3936 Eteocle
2692 3873 2946 3937 dicatur

705 3989 926 4052 omnia
994 3988 1170 4051 bona
1237 3989 1321 4051 ad
1390 3988 1586 4051 deum
1658 3988 1918 4066 referre,
1987 3988 2159 4051 mala
2202 3997 2420 4052 tamen
2468 3989 2549 4050 ad
2603 3987 2943 4052 Eteoclem

704 4100 903 4185 (Sept
948 4102 1186 4185 4—9)=
1539 4205 1560 4214 ρ

1063 4218 1119 4277 εἴ
1162 4217 1276 4296 μὲν
1323 4217 1443 4297 γὰρ
1492 4218 1558 4276 n'·
1610 4213 1986 4298 πράξαιμεν,
2038 4216 2213 4275 uitia
2262 4218 2439 4275 θεοῦ·

1061 4332 1116 4390 εἰ
1165 4327 1220 4391 δ’
1269 4321 1444 4408 αὖθ’,
1493 4331 1524 4389 ὅ
1569 4332 1650 4410 μὴ
1699 4328 1965 4407 γένοιτο,
2014 4331 2299 4409 συμφορά
2350 4331 2545 4409 τύχοι,

777 4550 822 4617 1)
858 4552 960 4601 Cfr.
995 4553 1128 4616 PerS.
1173 4553 1460 4615 163—174;
1495 4563 1782 4616 452—453.
