3442 4975
1750 423 1871 485 134

689 593 784 655 sic
831 592 1011 674 impii
1058 594 1143 656 ad
1191 595 1426 656 iniusta
1472 602 1538 656 et
1585 592 1885 675 improba
1911 593 2084 656 sacta
2108 592 2329 673 Suppl.
2363 595 2717 674 388—389
2742 595 2941 675 (quos

694 728 919 769 versus
966 708 1114 770 vide
1161 709 1376 790 priore
1421 707 1603 790 pag.)
1650 716 1715 770 et
1760 707 1999 787 Agam.
2051 708 2439 790 728—7301

1537 821 1609 880 τὸ
1659 815 1952 903 δνσσεβέ,·
1997 821 2115 900 γὰρ
2165 817 2345 900 ἔργον

1312 934 1476 1010 μετὰ
1521 933 1636 1012 μὲν
1686 929 1959 993 πλείονα
2007 931 2231 1012 τίκτει,

1319 1046 1585 1129 σφετέρᾳ
1631 1045 1907 1108 δἐῖκότα
1954 1045 2162 1127 γέννᾳ.
2223 1047 2279 1130 1)

783 1162 962 1243 Quin
1034 1164 1226 1225 etiam
1300 1163 1364 1224 in
1411 1163 1684 1225 Tartaro
1733 1160 2010 1244 improbi
2056 1163 2286 1244 poenis
2334 1161 2704 1225 afficiuntur
2748 1161 2937 1224 Eum.

698 1277 1084 1358 265—271:

1049 1391 1199 1472 ὄψει
1249 1387 1314 1452 δὲ
1364 1387 1458 1452 κεῖ
1507 1413 1599 1462 τις
1645 1386 1838 1462 ἄλλος
1886 1386 2389 1472 ἤλιτενβροτῶν

1049 1508 1092 1584 ἡ·
1137 1505 1290 1565 θεὸν
1343 1507 1381 1584 ἦ
1423 1501 1602 1576 ξένον
1651 1501 1773 1564 τιν’
1821 1504 2071 1586 ἀσεβῶν

1053 1619 1092 1696 ἤ
1137 1614 1354 1687 τοκέας
1399 1613 1617 1694 φίλους

1054 1728 1273 1810 ἔχονθ’
1320 1726 1588 1790 ’ἕκαστον
1639 1735 1751 1808 τῆς
1798 1727 1965 1812 δίκης,
2018 1728 2270 1802 ἐπάξια.

1051 1839 1244 1920 μέγας
1290 1844 1409 1924 γὰρ
1451 1839 1698 1924 “Αιῦης
1749 1843 1919 1903 ἐστὶν
1970 1847 2241 1916 εὔθυνος
2288 1845 2535 1927 βροτῶν

1053 1954 1276 2036 ἔνερθε
1327 1958 1578 2034 χθονός,

1063 2066 1468 2152 δελτογράφῳ
1517 2067 1579 2131 δὲ
1628 2069 1828 2131 πάντ’
1878 2071 2111 2153 ἐπωπᾷ
2158 2071 2357 2152 φρενί.

794 2184 880 2246 Et
927 2181 1148 2263 Suppl.
1201 2200 1578 2247 220-221:
1808 2263 1813 2266 ,

1012 2295 1196 2357 κάκεῖ
1236 2295 1472 2370 δικάζει
1522 2295 2059 2378 τοέμτλακήμαθζ
2107 2299 2190 2371 ὡς
2237 2296 2438 2377 λόγος,

1010 2415 1170 2483 Ζεὺς
1216 2409 1409 2484 ἄλλος
1454 2414 1516 2476 ἐν
1566 2423 1868 2493 καμοῦσιν
1916 2415 2205 2484 ὑστάτας
2253 2409 2448 2484 δίκας.
2501 2411 2569 2493 2)

791 2526 997 2604 Haec,
1083 2548 1251 2609 quae
1320 2537 1472 2590 sunt
1537 2550 1748 2609 pauca
1794 2550 1878 2590 ex
1926 2529 2162 2603 multiS,
2214 2527 2557 2602 sufficiant,
2608 2537 2680 2589 ut
2725 2536 2944 2589 osten-

700 2642 933 2703 damus
1004 2642 1202 2703 deum
1273 2643 1424 2704 viris
1486 2643 1668 2703 iustis
1740 2642 2147 2720 adiuvandiS‚
2220 2642 2534 2723 improbis
2595 2642 2947 2723 puniendis

701 2774 1009 2816 exercere
1056 2756 1387 2817 iustitiam.

788 2867 1106 2930 Attamen
1153 2869 1318 2930 deus
1364 2866 1485 2929 hac
1533 2888 1800 2950 quoque
1827 2868 1891 2929 in
1918 2888 1985 2929 re
2014 2868 2229 2931 minus
2256 2870 2464 2931 iustus
2489 2869 2688 2931 videri
2714 2869 2947 2950 possit.

699 2980 910 3064 Saepe
957 2983 1128 3043 enim
1179 2982 1365 3045 malis
1414 2981 1672 3044 afficere
1718 2983 1977 3045 videtur
2023 3002 2155 3057 eOS,
2205 2984 2314 3065 qui
2361 2991 2496 3045 tam
2546 2983 2726 3063 gravi
2770 2992 2948 3045 sorte

699 3096 968 3157 minime
1037 3096 1218 3178 digni
1292 3105 1445 3159 sunt
1514 3104 1578 3157 et
1647 3095 1709 3157 id
1784 3096 2051 3177 quidem
2124 3104 2236 3158 aut
2296 3096 2535 3158 invidia
2581 3096 2842 3171 ductuS,
2894 3098 2947 3158 si

699 3208 900 3272 homo
968 3210 1200 3291 aliquis
1269 3210 1326 3272 ei
1397 3218 1653 3291 praeter
1726 3211 1997 3272 modum
2061 3210 2217 3272 felix
2279 3231 2425 3272 esse
2471 3210 2787 3284 videatur,
2835 3218 2949 3272 aut

697 3324 1006 3404 puniendi
1056 3344 1272 3398 causa,
1322 3324 1410 3386 ita
1460 3331 1530 3385 ut
1576 3323 1744 3385 alius
1794 3324 2029 3386 nefarie
2077 3324 2300 3387 fecerit
2345 3323 2802 3405 aliquid‚alius
2828 3343 2949 3404 pro

700 3434 826 3496 hoc
871 3435 1155 3497 facinore
1202 3436 1524 3521 puniatur.

791 3547 994 3627 Quod
1065 3549 1146 3611 ad
1219 3549 1506 3611 divinam
1579 3551 1909 3628 invidiam,
1972 3553 2156 3613 cuius
2205 3554 2463 3635 saepius
2512 3555 2573 3613 in
2621 3550 2944 3631 Aeschyli

705 3661 945 3723 sabulis
1019 3662 1088 3724 fit
1158 3664 1424 3737 mentiO,
1495 3662 1658 3725 haec
1728 3685 2197 3747 nonnunquam
2272 3668 2335 3728 in
2407 3666 2646 3728 malam
2692 3676 2946 3748 partem

704 3775 1030 3855 explicata
1099 3776 1238 3852 suit,
1310 3776 1399 3838 ita
1467 3776 1628 3853 scil.,
1702 3787 1771 3840 ut
1840 3779 1897 3839 ei
1948 3779 2095 3841 iusti
2144 3780 2341 3841 etiam
2394 3801 2468 3841 ac
2516 3782 2600 3861 pii
2651 3779 2949 3841 homines

701 3887 975 3949 obnoxii
1047 3898 1284 3951 essent.
1358 3888 1786 3973 Quamquam
1857 3894 2028 3954 enim
2077 3893 2373 3975 plerique
2421 3896 2535 3957 viri
2585 3896 2781 3971 docti,
2831 3895 2947 3977 qui

701 3998 825 4062 hac
897 4002 978 4063 de
1050 4023 1117 4063 re
1188 4003 1651 4081 disseruerunt,
1721 4006 1825 4067 dei
1897 4007 2209 4069 invidiam
2282 4009 2459 4090 apud
2531 4008 2951 4090 Aeschylum

771 4200 815 4265 1)
853 4200 954 4251 Cfr.
989 4202 1132 4251 I'ers.
1171 4214 1266 4265 733
1302 4209 1350 4251 et
1384 4203 1508 4251 haec
1545 4204 1773 4252 Schilleri
1810 4206 1962 4253 verba
1994 4205 2341 4271 (Piccolomini
2375 4206 2438 4265 V,
2482 4205 2553 4271 1):

1100 4294 1206 4341 Das
1240 4294 1368 4343 eben
1403 4294 1465 4342 ist
1498 4294 1586 4342 der
1620 4296 1777 4344 Flucb
1813 4296 1902 4343 der
1936 4296 2089 4344 bosen
2124 4297 2272 4355 Thur,

1102 4386 1230 4433 Dass
1264 4386 1350 4447 sie,
1385 4386 1725 4449 fmtzeugend,
1760 4388 1936 4435 immet
1973 4388 2124 4435 Boses
2161 4404 2295 4435 musz
2329 4389 2564 4452 gebaren.

768 4476 817 4542 2)
853 4476 983 4524 Vide
1017 4476 1169 4524 etiam
1207 4477 1383 4541 Suppl.
1425 4490 1703 4539 399—401.
