3442 4975
1773 430 1858 500 68

702 635 937 691 cuntur
1004 626 1430 709 (quamquam
1501 643 1727 685 earum
1796 631 2097 705 aspectus
2155 632 2425 708 totaque
2472 626 2633 688 ratio
2683 625 2951 689 minime

698 732 950 804 deabus
1017 748 1115 803 est
1182 737 1424 822 digna).
1517 737 1748 821 Itaque
1816 736 1899 800 ab
1970 735 2345 802 hominibus
2418 740 2593 802 cerni
2652 748 2951 822 possunt,

703 876 916 939 neque
982 854 1162 918 solus
1233 852 1499 917 Orestes
1571 872 1682 914 eas
1757 852 1952 930 videt,
2018 853 2134 914 sed
2181 853 2377 916 etiam
2430 852 2694 936 Pythias
2740 854 2950 937 (Eum.

703 988 872 1051 34—
886 970 1010 1053 59),
1079 969 1323 1032 iudices
1392 967 1730 1051 Areopagi
1800 967 1976 1050 (nam
2046 967 2323 1050 Erinyes
2392 989 2545 1032 cum
2615 969 2691 1031 iis
2750 968 2951 1032 collo-

702 1093 1012 1167 quuntur,
1081 1105 1135 1149 e.
1183 1104 1276 1165 gr.
1323 1104 1385 1147 v.
1432 1081 1605 1163 6333
1657 1081 2059 1164 701—702),
2106 1082 2649 1165 proseqiientium
2697 1091 2952 1147 caterva

703 1199 809 1282 (ab
893 1222 954 1263 v.
1041 1216 1208 1262 1010
1279 1218 1485 1280 usque
1556 1197 1640 1259 ad
1709 1196 1959 1281 finem).
2052 1196 2148 1259 At
2215 1198 2280 1259 in
2351 1196 2475 1259 fine
2553 1195 2952 1278 Choe'phoron

701 1315 941 1377 nemini
1008 1321 1266 1395 praeter
1324 1308 1629 1374 Orestam
1675 1318 2013 1393 apparent,
2062 1312 2150 1373 ita
2199 1318 2268 1373 ut
2314 1309 2553 1373 chorus
2602 1331 2683 1374 ne
2729 1311 2952 1374 credat

701 1429 964 1511 quidem
1033 1447 1144 1491 eas
1205 1427 1451 1492 adesse.
1542 1416 1917 1489 Schoeman
1986 1425 2069 1487 de
2128 1422 2253 1486 hac
2300 1445 2369 1487 re
2417 1424 2616 1488 dixit:
2670 1422 2729 1510 1)
2778 1425 2949 1503 „Die

702 1543 988 1624 Erinyen
1060 1541 1312 1625 steigen
1381 1561 1498 1604 cus
1567 1540 1683 1603 der
1756 1539 2137 1616 Unterwclt,
2199 1539 2357 1622 jetzt
2424 1560 2547 1603 nur
2593 1538 2767 1603 noch
2814 1539 2949 1602 ihm

701 1654 1003 1741 (Orestae
1050 1656 1214 1739 scil.)
1261 1654 1453 1719 alle-in
1502 1653 1807 1730 sichtbar,
1873 1654 2007 1717 und
2051 1654 2304 1717 treiben
2351 1653 2467 1717 ihn
2512 1653 2773 1736 hinweg
2818 1672 2951 1717 von

701 1773 819 1835 der
884 1768 1392 1834 blutbefleckten
1461 1768 1735 1833 Statte.“
1830 1768 1962 1850 Qui
2032 1779 2251 1832 tamen
2322 1768 2452 1847 fiat,
2525 1778 2594 1831 ut
2673 1769 2950 1851 Erinyes

700 1888 984 1970 primum
1031 1883 1151 1948 soli
1199 1881 1473 1947 Orestae
1517 1892 1894 1966 appareant,
1939 1892 2173 1965 postea
2199 1882 2663 1965 omnibuS,qui
2690 1882 2949 1960 adsunt,

702 2001 870 2064 hanc
941 2020 1080 2063 rem
1151 1998 1410 2063 silentio
1471 1999 1821 2081 praeteriit.
1913 1996 2046 2061 Sed
2107 1998 2378 2081 propius
2422 1998 2506 2061 ad
2554 2018 2649 2074 ea,
2698 2019 2867 2081 quae
2912 2017 2951 2060 a

702 2115 905 2178 choro
974 2123 1041 2178 et
1116 2111 1353 2178 Oresta
1399 2113 2183 2199 dicuntur,‘accedamu5.
2279 2113 2633 2195 Postquam
2682 2110 2949 2177 Orestes

703 2238 977 2293 matrem
1046 2229 1306 2307 occidit,
1367 2229 1557 2291 sentit
1616 2250 1686 2291 se
1735 2227 1954 2291 furore
2001 2228 2233 2310 agitari
2281 2247 2609 2310 suumque
2653 2248 2769 2290 cor
2812 2226 2950 2310 pal—

700 2345 906 2427 pitare
955 2352 1131 2407 metu
1182 2342 1479 2427 (Cleob'pk.
1537 2342 2041 2425 1020—1022):

1412 2439 1658 2524 φέρουσι
1707 2443 1826 2525 γὰρ
1877 2443 2219 2522 νικώμενον

1013 2543 1228 2626 φρένες
1274 2543 1634 2626 δύσαρκτοι·
1685 2548 1841 2626 πρὸς
1888 2543 1953 2606 δὲ
2005 2543 2231 2626 καρδίᾳ
2276 2546 2468 2628 φόβος

1013 2645 1193 2728 ᾄδειν
1239 2643 1484 2725 ’ἕτοιμος
1531 2644 1626 2724 ἠδ’
1675 2649 2099 2728 ’ὑπορχεῖσθαι
2152 2650 2333 2727 κότῳ.
2388 2647 2451 2728 2)

792 2759 1084 2824 Festinat
1152 2762 1347 2843 igitur
1417 2761 1652 2856 dicere,
1700 2761 1859 2823 dum
1911 2761 2144 2823 mentis
2192 2769 2292 2823 est
2337 2745 2633 2842 compOS,
2682 2781 2751 2823 sc
2796 2781 2949 2823 cum

703 2896 964 2938 summo
1013 2875 1148 2938 iure
1193 2884 1336 2938 tum
1384 2876 1561 2938 iussu
1613 2875 1939 2958 Apollinis
1987 2874 2153 2938 hanc
2202 2875 2470 2938 caedem
2517 2875 2948 2952 commisisse,

706 3009 876 3051 nunc
942 2998 1159 3052 autem
1209 2991 1271 3051 in
1320 2987 1514 3052 huius
1559 2989 1665 3052 dei
1711 2988 1962 3072 templo
2009 2989 2454 3071 expiationem
2500 2989 2599 3051 sui
2648 2989 2951 3052 facinoris

705 3125 1015 3187 quaerere
1062 3103 1232 3168 velle·
1274 3105 1425 3188 (102
1434 3109 1765 3186 3—1030)
1792 3125 1806 3164 z

1055 3215 1172 3291 ’ἕως
1218 3216 1274 3279 δ’
1327 3217 1419 3279 ἔτ’
1471 3217 1722 3299 ἔμφρων
1774 3218 1919 3298 εἶμί,
1970 3221 2257 3300 κηρύσσω
2303 3214 2524 3296 φίλοις,

1060 3324 1319 3381 κτανεῖν
1369 3343 1436 3381 τε
1486 3321 1640 3401 φημὶ
1685 3318 1898 3401 μητέρ’
1948 3318 2060 3380 οὐκ
2107 3322 2261 3384 ἄνευ
2310 3317 2502 3402 δίκης,

1059 3427 1499 3502 πατροκτόνον
1547 3422 1791 3501 μίασμα
1842 3423 1948 3482 καὶ
1994 3426 2169 3482 θεῶν
2218 3425 2464 3499 στύγος,

1062 3524 1170 3583 καὶ
1214 3519 1449 3602 φίλτρα
1498 3519 1732 3604 τόλμης
1778 3520 1963 3601 τῆσδε
2014 3519 2532 3603 πλειστηρίζομαι

1065 3626 1175 3684 τόν
1227 3627 1643 3702 πυθόμαντιν
1693 3621 1968 3702 Λοξίαν,
2017 3623 2322 3706 χρήσαντ’
2374 3625 2503 3704 ἐμοὶ

1064 3723 1387 3805 πράξαντι
1434 3725 1548 3807 μὲν
1600 3723 1788 3789 ταῦτ’
1840 3727 2017 3799 ἐκτός
2064 3727 2281 3797 αἰτίας
2328 3731 2521 3805 κακῆς

1062 3819 1243 3904 εἶναι,
1293 3825 1583 3908 παρέντα
1631 3823 1686 3888 δ’
1736 3826 1847 3889 οὐκ
1898 3829 2014 3911 ἐρῶ
2063 3830 2180 3907 τὴν
2230 3812 2478 3910 ζηαίαν·

1061 3927 1222 4009 τόξῳ
1267 3930 1390 4012 γὰρ
1437 3933 1612 4001 οὔτις
1661 3934 1976 4011 πημάτων
2028 3927 2410 4013 προσίξεται.

796 4040 1052 4106 Chorus
1120 4064 1434 4127 angorem
1505 4045 1703 4108 animi
1766 4043 1905 4108 eius
1966 4045 2414 4127 mitigantibus
2462 4045 2677 4108 verbis
2721 4045 2949 4110 tollere

705 4167 998 4236 conatur,
1066 4158 1184 4220 sed
1254 4155 1523 4222 Orestes
1592 4159 1722 4222 iam
1795 4160 1970 4222 videt
2038 4159 2181 4221 illas
2251 4157 2575 4222 horribilis
2624 4159 2949 4240 muliereS,

777 4348 821 4410 1)
859 4345 963 4394 Des
999 4345 1276 4408 Aeschylos
1313 4344 1649 4403 Eumeniden,
1686 4344 1821 4392 Einl.
1856 4361 1905 4408 p.
1942 4355 1988 4408 5.

772 4435 821 4500 2)
877 4435 1062 4484 Melius
1127 4435 1332 4484 sortasse
1401 4437 1566 4502 κρότῳ
1631 4435 1712 4502 (ex
1765 4435 2117 4484 emendatione
2168 4436 2432 4501 Abreschi,
2483 4451 2635 4501 quam
2686 4435 2950 4485 Wecklein

702 4527 926 4595 recepit).
