3442 4975
1641 400 1723 474 87

564 581 689 644 diis
760 582 938 667 loqui
1007 587 1076 666 (i.
1150 604 1206 647 e.
1281 603 1412 646 non
1487 585 1613 660 Γῆ,
1690 583 1992 664 Οὐρανός,
2056 585 2173 647 sed
2219 589 2318 662 fij,
2364 584 2625 665 οὐρανὸς
2668 607 2812 650 esse

565 697 966 781 legendum).
1063 701 1158 761 At
1244 700 1566 760 memoria
1647 699 2001 760 tenendum
2090 707 2188 761 est
2267 704 2330 760 1⁰
2412 701 2549 776 Γῆν
2619 701 2807 764 deam

565 812 835 874 omnino
893 833 1025 874 non
1073 833 1111 874 a
1156 817 1238 893 γῇ
1285 831 1498 892 neque
1549 809 1831 892 Οὐρανὸν
1879 810 1962 874 ab
2010 812 2257 891 οὐρανῷ
2302 812 2808 882 discernendum

563 945 712 987 esse
767 925 857 1012 1);
907 935 979 988 2⁰
1027 946 1157 988 non
1204 933 1448 1008 patere,
1500 935 1716 987 utrum
1765 931 1960 1006 poeta
2008 923 2113 986 hic
2155 926 2369 1006 potius
2409 927 2491 988 de
2512 915 2810 1008 partibus

567 1039 846 1106 universi
893 1060 977 1102 an
1026 1039 1109 1102 de
1156 1039 1280 1102 diis
1329 1039 1719 1120 cogitaverit
1768 1038 1866 1122 2);
1922 1042 1993 1118 3⁰
2039 1058 2192 1100 eum
2242 1059 2509 1102 omnem
2558 1040 2808 1103 dubita-

563 1153 810 1214 tionem
858 1152 1086 1215 tollere
1133 1173 1236 1230 e0,
1286 1152 1465 1235 quod
1512 1152 1747 1214 addit:

1190 1265 1346 1347 χῶτι
1395 1255 1581 1330 τῶνδ’
1630 1263 1993 1348 ὑπέρτερον.
2047 1266 2110 1348 3)

652 1380 1030 1463 Aeschylus
1102 1381 1298 1463 igitur
1368 1380 1495 1444 hoc
1557 1378 1927 1462 tragmento
1976 1401 2107 1444 non
2155 1381 2485 1463 explicare
2531 1383 2809 1457 videtur,

564 1496 708 1577 quis
774 1503 888 1557 aut
955 1495 1115 1577 quid
1186 1496 1266 1557 sit
1334 1497 1512 1569 Ζεύς,
1584 1494 1700 1556 sed
1766 1495 1925 1576 quid
1978 1496 2099 1573 Γῆ,
2148 1493 2307 1577 quid
2344 1491 2804 1576 'OitQavdsssibi

565 1610 740 1686 velit}
812 1612 904 1674 ita'
969 1619 1040 1674 ut
1106 1632 1236 1675 non
1306 1613 1486 1688 Ζεύς,
1550 1611 1665 1674 sed
1714 1610 1878 1674 haec
1926 1609 2191 1674 nomina
2240 1599 2368 1677 sint
2415 1613 2804 1688 subiectum,

561 1724 746 1806 quasi
809 1724 1027 1787 dicere
1087 1723 1312 1787 vellet:
1388 1726 1487 1802 Γῆ
1537 1725 1867 1788 interdum
1917 1734 1983 1787 et
2028 1726 2289 1807 οὐρανὸς
2334 1726 2421 1790 dii
2466 1735 2806 1805 vocantur,

561 1837 678 1899 sed
725 1847 791 1901 et
835 1836 998 1900 haec
1043 1846 1108 1900 et
1155 1828 1378 1900 omnia
1404 1860 1573 1920 quae
1596 1848 1881 1916 exstant,
1907 1839 1992 1901 ad
2019 1838 2248 1903 Iovem
2274 1851 2428 1905 sunt
2451 1833 2805 1919 reserenda,

561 1950 667 2013 hic
738 1960 957 2014 autem
1028 1951 1188 2014 deus
1251 1954 1547 2016 omnium
1610 1974 2038 2036 personarum
2089 1963 2153 2018 et
2199 1975 2415 2019 rerum
2464 1966 2564 2020 est
2609 1978 2805 2021 causa

561 2065 872 2148 solusque
940 2065 1471 2147 perfectissimam
1545 2069 1608 2130 in
1679 2089 1749 2131 se
1812 2068 2014 2132 habet
2058 2069 2419 2144 veritatem,
2467 2084 2617 2132 cum
2668 2063 2807 2154 ipse

558 2200 712 2242 vere
779 2189 992 2244 exstet
1060 2202 1275 2263 neque
1343 2190 1607 2244 exstare
1677 2203 1810 2244 non
1868 2184 2095 2264 possit,
2144 2184 2363 2245 omnia
2409 2175 2535 2246 alia
2581 2193 2807 2248 contra

537 2304 838 2371 -exstent,
887 2296 1066 2378 quia
1129 2287 1294 2368 Ζεύς
1363 2296 1428 2358 id
1496 2295 1658 2373 vult,
1729 2306 1793 2359 et
1860 2297 2110 2360 tamdiu
2159 2306 2437 2373 exstent,
2488 2297 2799 2380 quamdiu

560 2407 666 2471 hic
735 2409 892 2472 vult.
989 2407 1252 2474 Obiciat
1310 2411 1583 2473 fortasse
1641 2410 1898 2493 aliquis,
1960 2411 2049 2472 sic
2096 2431 2177 2472 ne
2224 2417 2503 2493 poetam
2537 2411 2802 2495 quidem

559 2524 739 2607 loqui
809 2545 1024 2607 posse,
1098 2533 1168 2589 ut
1217 2525 1314 2603 iis,
1365 2545 1535 2607 quae
1580 2524 1664 2587 ab
1713 2525 1841 2588 deo
1886 2536 2406 2637 procrearentur,
2455 2526 2648 2590 huius
2694 2527 2798 2593 dei

561 2638 761 2721 ipsius
807 2658 1048 2703 nomen
1094 2628 1428 2704 tribueret.

649 2751 746 2816 At
814 2752 921 2815 hic
993 2774 1150 2817 usus
1218 2774 1432 2837 neque
1510 2754 1686 2836 apud
1760 2752 2047 2817 Graecos
2116 2770 2330 2836 neque
2398 2754 2573 2835 apud
2642 2753 2804 2817 alios

557 2865 840 2949 populos
888 2888 1034 2929 raro
1081 2868 1384 2931 occurrit.‘
1435 2867 1639 2948 Quod
1686 2867 1771 2929 ad
1822 2866 2130 2943 Graecos,
2178 2861 2801 2948 unum-exemplum

534 2981 752 3057 addo,
824 2982 888 3043 in
947 2973 1081 3063 quo
1127 2983 1553 3073 perspicuitas
1600 2981 2116 3063 haudquaquam
2163 2982 2588 3056 desideratur.
2682 2978 2804 3044 Est

557 3094 995 3176 fragmentum
1049 3095 1302 3177 Hymni
1353 3094 1650 3179 Orphici‚
1699 3098 1791 3159 uti
1839 3104 2097 3174 vocant,
2144 3117 2252 3160 vv.
2301 3097 2557 3177 9415:

735 3224 893 3294 Ζεύς
941 3222 1186 3304 πρῶτος
1235 3221 1458 3302 γένετο,
1506 3225 1665 3294 Ζεύς
1715 3221 1979 3292 ὕστατος
2024 3220 2486 3307 ἀρχικέραυνος,

734 3315 894 3395 Za),-
940 3320 1201 3403 κεφαλή,
1249 3327 1407 3395 Ζεύς
1451 3322 1665 3404 μέσσα,
1717 3326 1871 3395 Διὸς
1918 3320 1989 3395 δ’
2025 3323 2090 3383 ἐκ
2142 3325 2359 3385 πάντα
2406 3302 2718 3399 τέτυκτοςι·

736 3427 895 3497 Ζεύς
940 3425 1134 3505 αρσὴν
1180 3424 1410 3503 γένετο,
1456 3429 1616 3497 Ζευς
1663 3428 1979 3510 ἄμβροτος
2026 3421 2279 3489 ἔπλετο
2304 3428 2531 3505 νύμφη·

736 3528 894 3595 Ζεύς
942 3529 1208 3605 πυθμὴν
1257 3526 1436 3607 γαίης
1482 3549 1546 3587 τε
1597 3527 1702 3587 καὶ
1752 3522 2492 3608 οὐρανοί),ἀστερόεντος·

733 3628 893 3697 Ζεύς
940 3628 1102 3705 πνοὴ
1133 3630 1432 3690 πάντων·
1480 3629 1640 3699 Ζεύς
1683 3628 2019 3705 ἀκαμάτου
2069 3628 2265 3708 πυρό,ι
2311 3627 2485 3708 ὁρμή·

713 3731 892 3801 ·Ζεῦς
940 3732 1176 3792 πόντου
1223 3728 1382 3809 ῥίζα,
1431 3732 1590 3801 Ζεύς
1638 3727 1807 3813 ᾑλιος
1854 3725 1961 3807 ἠδὲ
2009 3724 2256 3809 σελήνη·

629 3930 674 3997 1)
713 3931 944 3981 Homero
993 3931 1116 3980 deus
1173 3930 1411 3997 Οὐρανὸς
1467 3947 1532 3981 ne
1583 3938 1729 3980 notus
1780 3931 1985 3995 quidem
2038 3936 2127 3980 est.
2177 3928 2330 3991 Quod
2374 3926 2603 3991 αᾶ-Γῆν
2636 3926 2801 3985 deam,

555 4023 670 4071 vide
704 4022 1070 4087 Naegelsbach,
1106 4024 1174 4073 N.
1213 4023 1284 4072 H.
1319 4023 1497 4072 Theoi.
1534 4040 1584 4089 p.
1625 4034 1757 4085 117.·

625 4112 674 4178 2)
709 4113 862 4176 Quod
915 4115 1207 4179 AeschyluS‚
1260 4114 1301 4163 si
1351 4113 1408 4162 Τ
1406 4120 1458 4179 ῆ,
1518 4114 1662 4183 Οιῑρα
1678 4116 1758 4171 νὸς
1810 4114 2082 4179 legendum
2131 4119 2219 4174 est,
2270 4112 2391 4159 haec
2438 4126 2547 4159 cum
2585 4109 2799 4169 aethere,

555 4221 668 4255 cum
713 4206 948 4255 omnibus
991 4206 1138 4256 rebus
1183 4220 1284 4255 uno
1317 4212 1489 4255 tenore
1523 4206 1767 4262 nominat,
1802 4203 1983 4253 eodem
2016 4202 2102 4269 (ad
2138 4202 2412 4251 multorum
2446 4200 2557 4250 scil.
2590 4201 2799 4259 deorum

553 4297 920 4360 refutationem)
955 4299 1202 4363 pertinere
1235 4299 1509 4363 putandum
1544 4306 1631 4347 est.

624 4392 671 4453 3)
709 4389 828 4438 Hoc
881 4391 1174 4456 ὑπέρτερον
1220 4406 1322 4438 non
1359 4389 1422 4438 ad
1457 4391 1624 4439 locum
1661 4389 1882 4453 aliquem
1917 4387 2231 4445 referendum
2267 4394 2357 4451 est,
2391 4402 2508 4434 nam
2541 4385 2669 4433 haec
2702 4401 2797 4433 vox

556 4481 608 4529 in
643 4480 924 4545 fragmento
958 4496 1060 4532 non
1093 4481 1313 4545 sequitur
1353 4479 1612 4547 Οὐρανός,
1647 4481 1737 4530 sed
1774 4482 1842 4529 τὰ
1879 4480 2081 4529 πάντα.
