3442 4975
1736 406 1861 473 154

672 598 814 640 esse
873 579 1163 660 agnovit,
1210 578 1428 660 itaque
1474 581 1650 659 apud
1698 577 2111 662 Aeschylum
2160 580 2323 642 deus
2373 579 2563 642 nobis
2610 583 2913 659 occurrit,

672 691 784 772 qui
855 691 1076 755 multis
1141 691 1433 772 partibus
1493 711 1644 754 cum
1693 712 1827 755 uno
1874 713 2032 755 vero
2082 693 2231 754 Deo
2279 695 2639 774 comparari
2684 697 2913 776 possit.

675 804 875 886 Quod
921 813 1142 868 autem
1190 811 1385 886 po‘e'ta
1431 803 1606 869 hunc
1651 806 1851 869 deum
1898 807 2403 889 gubernatorem
2451 809 2679 890 mundi
2715 817 2916 890 atque

671 917 939 982 humani
1008 919 1262 1001 generis
1330 939 1473 981 esse
1541 912 1787 996 statuitg
1845 919 2184 1002 permagni
2230 929 2329 983 est
2375 922 2713 997 momenti,
2761 939 2935 984 nam·

671 1033 763 1094 sic
831 1031 966 1094 fieri
1036 1051 1170 1094 non
1234 1033 1469 1113 potuit,
1540 1034 1698 1114 quin
1769 1033 2145 1124 Aeschylus
2190 1034 2561 1115 praeclarus
2607 1035 2918 1099 existeret

673 1147 984 1227 magister
1052 1154 1116 1209 et
1176 1146 1491 1209 educator
1547 1147 1845 1210 omnium
1892 1167 2147 1226 eorum,
2194 1149 2308 1228 qui
2356 1148 2495 1210 eius
2542 1150 2915 1232 tragoedias

673 1259 1030 1323 noscebant
1088 1269 1288 1343 atque
1343 1261 1672 1324 amabant.
1725 1261 1811 1324 Et
1858 1282 1991 1343 quo
2042 1261 2243 1324 modo
2294 1261 2673 1344 Aeschylus
2721 1283 2914 1326 suum

669 1373 991 1455 populum
1041 1373 1377 1438 educavit!
1429 1374 1732 1438 Docebat
1777 1376 1951 1437 enim
2000 1395 2229 1437 omnes
2277 1374 2574 1439 homines
2620 1397 2915 1458 peccare,

670 1487 795 1549 nisi
843 1487 920 1549 iis
964 1489 1178 1568 poena
1222 1495 1336 1550 aut
1381 1496 1596 1551 metus
1643 1496 1793 1551 ante
1839 1489 2069 1551 oculos
2114 1499 2467 1570 poneretur
2525 1473 2605 1574 i).
2695 1491 2917 1552 Huius

670 1609 892 1664 autem
977 1591 1191 1682 metus
1275 1621 1535 1682 semper
1602 1601 1768 1663 deus
1838 1611 1938 1665 est
2005 1610 2254 1679 auctor,
2328 1623 2479 1666 nam
2549 1603 2711 1666 deus
2779 1605 2916 1685 ipse

669 1715 859 1796 punit
925 1714 1262 1796 improbos
1331 1735 1542 1796 usque
1610 1715 1676 1777 in
1747 1716 1889 1797 ipso
1957 1715 2234 1779 Tartaro
2260 1721 2341 1795 2),
2403 1726 2468 1781 et
2514 1719 2568 1780 si
2615 1716 2915 1781 homines

669 1808 1424 1910 puniendipotestatem
1472 1827 1733 1904 habent,
1780 1849 1927 1892 eam
1975 1828 2219 1894 habent
2254 1851 2293 1893 a
2318 1829 2463 1892 deo,
2516 1829 2693 1911 Quin
2719 1831 2915 1893 etiam

671 1942 884 2003 omnis
931 1939 1276 2004 homin-um
1319 1950 1628 2023 potestaS,
1666 1943 1787 2018 iuS‚
1813 1945 2185 2021 auctoritaS,
2214 1953 2285 2008 ut
2306 1953 2595 2026 potestas
2622 1945 2801 2026 regia
2828 1942 2914 2026 3),

671 2053 1005 2116 iudiciaria
1049 2054 1142 2138 4),
1188 2055 1400 2136 patria
1453 2053 1512 2138 5)
1558 2056 1641 2118 ab
1689 2056 1815 2119 deo
1864 2057 1939 2118 iis
1985 2057 2137 2121 data
2182 2067 2298 2133 est,
2344 2060 2433 2121 ita
2482 2065 2552 2121 ut
2598 2057 2913 2132 homineS‚

671 2169 723 2230 si
771 2175 997 2230 contra
1055 2167 1222 2232 hanc
1269 2167 1628 2232 humanam
1673 2179 2065 2252 potestatem
2110 2179 2404 2253 peccant,
2453 2173 2667 2254 ipsum
2716 2171 2914 2234 deum

670 2268 1046 2364 aversentur
1091 2283 1290 2364 inque
1335 2284 1688 2365 impiorum
1738 2304 2015 2347 numero
2060 2283 2342 2348 habendi
2390 2287 2515 2349 sint
2558 2285 2649 2369 6).
2696 2285 2913 2366 Quam

669 2395 1088 2460 vehementer
1155 2406 1373 2459 autem
1443 2397 1604 2459 deus
1667 2397 2362 2480 impietati'irascitur'!
2414 2399 2483 2482 7)
2554 2399 2776 2480 Quam
2826 2399 2913 2461 ob

671 2530 809 2573 rem
857 2512 1038 2593 impii
1087 2511 1386 2573 homines
1433 2511 1793 2574 stultissimi
1842 2516 1994 2575 sunt
2016 2512 2315 2590 habendi,
2340 2515 2380 2575 ii
2405 2522 2648 2588 autem,
2672 2514 2914 2595 quibus

668 2625 875 2707 pietas
921 2644 1080 2705 erga
1130 2625 1327 2687 deum
1375 2625 1558 2686 cordi
1607 2634 1721 2702 est,
1772 2647 1926 2689 vere
1965 2628 2289 2708 sapientes
2335 2637 2487 2690 sunt
2526 2628 2611 2711 8).
2657 2627 2914 2708 Quodsi

671 2733 775 2800 cui
846 2737 1005 2819 quid
1075 2738 1347 2802 feliciter
1413 2742 1745 2817 successit,
1792 2750 1904 2803 aut
1952 2743 2005 2803 si
2057 2742 2291 2804 morbo
2340 2743 2564 2806 aliisve
2608 2744 2914 2825 periculis

670 2860 931 2933 ereptus
998 2860 1114 2930 est,
1185 2853 1236 2913 si
1303 2852 1711 2934 praeclarum
1772 2855 2019 2917 facinus
2063 2858 2407 2939 praestitit,
2480 2878 2612 2920 non
2661 2880 2747 2920 ex
2794 2878 2912 2919 sua

619 3003 622 3006 -
668 2966 1099 3049 prosperitate
1143 2975 1257 3029 aut
1301 2967 1541 3031 virtute
1589 2988 1867 3050 magnos
1916 2970 2040 3032 sibi
2090 2972 2351 3052 spiritus
2398 2993 2658 3035 sumere
2696 2972 2912 3049 debet,

670 3079 786 3141 sed
833 3079 1062 3144 humili
1110 3101 1187 3143 ac
1233 3082 1582 3145 summisso
1631 3082 1855 3145 animo
1903 3084 2028 3147 deo
2076 3085 2233 3147 dare
2279 3085 2557 3167 gloriam
2610 3086 2704 3170 9).

762 3192 914 3255 Hoc
983 3203 1198 3257 autem
1263 3196 1332 3257 in·
1389 3195 1588 3258 deum
1635 3198 1858 3259 animo
1905 3198 2203 3261 homines
2250 3219 2393 3261 esse
2442 3200 2707 3275 debent,
2754 3200 2913 3281 q-uia

669 3309 884 3371 omnis
952 3308 1067 3383 viS,
1135 3317 1250 3371 aut
1316 3309 1541 3385 virtuS,
1587 3317 1702 3371 aut
1749 3309 2046 3387 facultaS,
2094 3320 2210 3374 aut
2252 3313 2653 3394 prosperitas
2696 3332 2737 3373 a
2785 3313 2911 3374 deo
3004 3363 3009 3369 .

667 3420 1111 3503 proficiscitur,
1196 3422 1329 3504 qui,
1418 3423 1528 3488 ubi
1595 3423 1879 3504 primum
1948 3408 2107 3504 vult,
2176 3424 2475 3488 homines
2545 3424 2644 3487 his
2712 3426 2909 3489 rebus

671 3560 735 3567 ——0

742 3624 787 3685 1)
825 3623 944 3687 Pag.
984 3634 1092 3687 ¹15·

735 3713 786 3776 2)
821 3712 942 3777 Pag.
988 3724 1097 3777 134.

737 3804 786 3871 3)
821 3803 942 3869 Pag.
975 3805 1059 3853 26.

733 3897 786 3963 4)
821 3898 944 3961 Pag.
977 3898 1058 3946 82.

737 3988 786 4055 5)
822 3990 945 4053 Pag.
987 4000 1095 4037 122.

735 4080 786 4146 6)
821 4081 944 4145 Pag.
985 4092 1260 4128 121—122.

738 4172 786 4239 7)
824 4172 945 4237 Pag.
987 4172 1098 4220 126.

735 4261 786 4329 8)
819 4264 999 4328 Agam.
1043 4261 1302 4313 161-168
1335 4262 1403 4327 (p.
1445 4262 1557 4328 115)
1591 4270 1640 4312 et
1671 4279 1787 4328 pag.
1830 4274 2105 4326 132—133.

733 4355 784 4421 9)
819 4355 916 4404 Sic.
954 4371 996 4405 e.
1031 4371 1106 4419 gr.
1142 4355 1278 4419 Sept.
1318 4354 1648 4418 1050—1060
1694 4354 1879 4403 chorus
1911 4361 2053 4419 putat
2086 4370 2227 4403 suam
2262 4356 2437 4405 urbem
2474 4355 2671 4405 Eteocli
2706 4356 2911 4421 quidem

667 4447 875 4495 salutem
909 4445 1108 4509 debere,
1141 4445 1230 4495 Sed
1263 4447 1403 4505 μετὰ
1438 4446 1689 4513 μάκαρας
1726 4449 1814 4495 καὶ
1850 4447 1979 4504 Διὸς
2011 4448 2181 4512 ἰσχύν.
