3442 4975
1726 350 1810 428 98

726 533 876 616 Qua
933 556 1084 599 cum
1157 555 1226 597 re
1293 535 1596 618 congruit
1664 534 1845 617 quod
1895 531 2109 597 Orcus
2158 534 2398 598 dicitur
2444 536 2722 598 mortuis
2771 536 2889 599 im-

638 669 867 731 perare
919 647 1141 729 Suppl.
1190 649 1355 728 755:

1037 777 1296 855 πρόπαρ
1343 763 1782 845 &aradum-6³
1827 769 2045 846 Ἀίδας
2090 771 2380 834 οἷνάσσοι.

723 899 899 981 Quin
971 904 1166 965 etiam
1228 896 1454 982 εἈιδης
1522 889 1967 983 metonymice
2032 921 2153 982 pro
2198 902 2341 983 ipsa
2388 910 2599 965 morte
2646 903 2886 965 dicitur

642 1015 883 1094 Agam.
931 1014 1096 1095 645:
2458 1000 2463 1004 ’

992 1125 1222 1189 ἔπειτα
1269 1124 1327 1189 δ’
1365 1124 1597 1209 ςἈιδην
1635 1130 1915 1189 -πόντιον
1966 1130 2349 1207 πεφευγότες
2375 1174 2389 1189 .
2421 1174 2434 1188 .
2469 1174 2484 1188 .

725 1252 858 1317 Sed
906 1255 1076 1336 quiS,
1123 1273 1397 1336 quaeSO,
1446 1255 1557 1337 qui
1607 1275 1741 1317 non
1788 1254 1982 1337 plane
2030 1253 2319 1319 Graecae
2365 1255 2765 1337 antiquitatis
2807 1255 2891 1316 sit

635 1388 891 1450 experS,
959 1369 1219 1449 ignorat
1285 1369 1480 1430 etiam
1547 1369 1734 1432 vivos
1784 1367 2081 1431 homines
2128 1369 2367 1433 inferos
2417 1369 2687 1432 visisse?
2760 1368 2891 1430 Re-

636 1482 944 1544 cordetur
1011 1481 1214 1544 modo
1262 1479 1627 1563 Orpheum,
1681 1482 2062 1560 Herculem,
2115 1483 2433 1567 Ulyxem,
2481 1483 2667 1560 alios,
2717 1502 2888 1565 quos

636 1615 868 1657 omnes
914 1595 1283 1656 enumerari
1331 1613 1462 1657 non
1503 1614 1671 1676 opus
1711 1602 1831 1673 est,
1871 1594 2113 1678 quibus
2138 1604 2394 1659 tantum
2420 1595 2636 1678 ipsum
2663 1615 2887 1678 regem

637 1709 1015 1786 inferorum,
1088 1710 1285 1772 deum
1355 1708 1720 1785 Plutonem,
1792 1709 1986 1773 addo,
2078 1706 2189 1772 Sic
2250 1709 2429 1792 apud
2475 1708 2888 1792 Aeschylum

639 1823 835 1886 verba
883 1823 1332 1887 Eumenidum
1379 1822 1664 1886 indicant
1711 1824 1967 1903 Κρόνον
2015 1844 2147 1887 non
2198 1833 2534 1886 mortuum
2574 1844 2742 1900 esse,
2773 1823 2889 1885 sed

640 1939 939 2001 vinctum
985 1936 1472 2014 tantummodO,
1518 1957 1672 1998 cum
1719 1936 1940 2000 dicant
1984 1935 2198 2021 (Eum.
2248 1935 2440 2020 631):

949 2059 1144 2134 αὐτὸς
1189 2058 1247 2123 δ’
1291 2058 1469 2142 ἔδησε
1520 2058 1774 2142 πατέρα
1820 2061 2186 2146 πρεσβύτην
2235 2065 2510 2146 Κρόνον.

731 2192 904 2254 Item
947 2190 1280 2272 Apollinis
1326 2210 1714 2272 responsum
1762 2189 2065 2254 disertius
2111 2189 2200 2275 (v.
2247 2189 2662 2272 634—638):

997 2305 1047 2376 ὦ
1094 2317 1458 2393 παντομισῆ
1507 2311 1831 2392 κνώδαλα,
1879 2315 2081 2395 στύγη
2126 2314 2327 2392 θεῶν,

999 2424 1200 2501 πέδας
1243 2427 1360 2508 μέν
1409 2430 1490 2489 ἄν
1536 2424 1808 2507 λύσειεν,
1858 2425 1992 2490 ἔστι
2043 2409 2220 2492 τουδ’
2266 2429 2418 2499 ἄκος

994 2542 1100 2601 καὶ
1148 2543 1354 2622 κάρτα
1402 2538 1606 2621 πολλὴ
1651 2544 1904 2623 μηχανὴ
1952 2538 2266 2622 λυτήριος·

996 2650 1225 2734 ἀνδρὸς
1272 2650 1330 2716 δ’
1375 2650 1640 2715 ἐπειδὰν
1689 2650 1827 2733 αἷμ’
1870 2652 2221 2739 οἷνασπάσῃ
2271 2658 2447 2727 κόνις

995 2764 1177 2839 ἅπαξ
1220 2767 1565 2844 θανόντος,
1611 2769 1789 2837 οὔτις
1834 2764 1967 2828 ἔστ’
2011 2768 2382 2839 ἀνάστασις.

733 2892 860 2954 His
906 2891 1120 2955 verbis
1163 2912 1365 2975 quam
1413 2892 1753 2956 manifeste
1796 2891 2129 2958 hominem
2177 2902 2511 2957 mortuum
2558 2893 2710 2958 vivo
2756 2892 2884 2954 deo

639 3006 979 3088 opposuitl
1052 3006 1324 3069 Nullam
1392 3005 1676 3095 denique
1745 3006 2219 3071 dubitationem
2268 3006 2643 3091 relinquunt
2688 3005 2890 3069 verba

641 3119 1011 3183 Promethei
1058 3120 1329 3183 dicentis
1374 3120 1461 3204 (v.
1519 3119 2017 3204 1049—1052):

1621 3242 1688 3317 52·
1733 3268 1803 3307 τε
1852 3240 2147 3308 κελαινόν

1092 3360 1433 3440 Τάρταρον
1480 3354 1683 3440 ἄρδην
1731 3358 1939 3441 ῥίψειε
1988 3355 2181 3439 δέμας

1082 3468 1315 3551 τούμόν
1361 3469 1645 3552 ἀνάγκης
1691 3476 1981 3553 στερραῖς
2027 3468 2258 3545 δι’ναις·

1091 3587 1357 3655 πάντως
1405 3581 1509 3664 ἐμέ
1549 3582 1682 3662 γὀυ
1730 3586 2127 3664 θανατώσει,

733 3715 776 3783 i.
822 3734 912 3776 e.:
984 3712 1259 3776 Etiamsi
1331 3712 1620 3793 Iuppiter
1665 3732 1773 3775 me
1818 3714 1880 3776 in
1928 3714 2274 3777 Tartarum
2323 3713 2732 3795 detorqueat,
2781 3733 2890 3775 ne·

641 3846 976 3911 quaquam
1027 3846 1131 3889 me
1177 3824 1454 3889 necabit.
1523 3826 1686 3888 Item
1735 3848 1796 3889 v.
1846 3839 2192 3908 750—751
2248 3827 2405 3890 dicit
2450 3847 2581 3890 non
2631 3827 2694 3890 in
2744 3827 2892 3890 fatis

643 3961 792 4005 esse
838 3960 910 4003 se
955 3940 1155 4002 mori:

956 4046 994 4132 ἦ
1040 4050 1377 4127 δυσπετῶς
1421 4055 1504 4116 ἂν
1555 4053 1704 4127 τούς
1756 4054 1939 4135 ἐμούς
1982 4051 2232 4126 ἄθλους
2280 4052 2507 4137 φέροις,

955 4168 1083 4251 ὅτῳ
1131 4173 1362 4231 θανεῖν
1408 4167 1519 4250 μέν
1572 4175 1745 4231 ἐστιν
1797 4167 1868 4229 οὐ
1915 4165 2361 4251 πεπρωμένον·

735 4282 1160 4346 Prometheus
1207 4284 1406 4366 igitur
1448 4283 1736 4348 ostendit
1780 4283 2041 4346 disertis
2088 4282 2305 4345 verbis
2354 4284 2583 4346 Iovem
2629 4281 2897 4365 quidem

643 4405 1034 4479 potestatem
1082 4395 1324 4459 habere
1371 4397 1584 4479 ipsum
1635 4397 1700 4457 in
1746 4396 2090 4460 Tartarum
2140 4396 2482 4471 deiciendi,
2531 4416 2651 4459 nec
2674 4405 2901 4459 tamen
