3442 4975
1426 1328 1854 1399 LIBER
1956 1328 2069 1402 ΙΙ.

650 1551 779 1630 De
829 1548 1211 1627 numinis
1264 1546 1530 1626 divini
1579 1546 2078 1639 virtutibuS,
2131 1570 2364 1646 quae
2413 1546 2503 1624 in
2554 1543 2851 1625 mundi

1149 1683 1156 1690 ’
1214 1681 1858 1782 gubernatione
1918 1682 2321 1795 elucent„
2420 1789 2425 1792 Ι

1555 1941 1946 1949 --.---

719 2174 794 2236 In
863 2174 1047 2250 initio
1114 2173 1314 2256 ¹huius
1385 2172 1528 2235 libri
1600 2171 1779 2235 haud
1848 2173 2207 2261 absurdum
2255 2172 2466 2248 ‘fuerit
2542 2191 2877 2254 quaerere,

630 2287 792 2370 quid
840 2287 1104 2350 tandem
1153 2289 1278 2348 deo
1327 2286 1701 2369 Aeschyleo
1749 2307 1903 2349 cum
1944 2309 2183 2370 genere
2208 2286 2499 2359 humano
2526 2305 2879 2347 commune

632 2402 733 2477 sit,
797 2410 881 2476 et,
943 2401 996 2462 si
1045 2403 1208 2468 deus
1253 2401 1451 2464 talem
1501 2409 1880 2483 tantamque
1927 2400 2167 2463 habeat
2210 2389 2629 2482 potestatem,
2680 2407 2749 2460 ut
2795 2396 2880 2459 ad

635 2536 830 2577 suurn
877 2496 1230 2598 arbitrium
1293 2525 1505 2579 totum
1557 2517 1932 2579 universum
1981 2536 2343 2596 omnesque
2390 2536 2491 2576 res
2540 2514 2880 2587 humanaS,

634 2631 788 2711 quin
858 2630 1055 2692 etiam
1125 2631 1295 2711 ipsas
1359 2629 1700 2692 hominum
1772 2630 2605 2713 cogitationes-gubernare
2649 2624 2890 2710 possit,¹

635 2765 795 2809 num
843 2744 907 2807 id
953 2746 1148 2807 etiam
1195 2765 1319 2807 suo
1367 2746 1507 2806 iure
1551 2743 1761 2808 faciat.
1814 2745 1994 2806 Deus
2041 2744 2216 2806 enim
2264 2752 2363 2805 est
2408 2744 2606 2805 totius
2633 2742 2880 2818 mundi,

637 2860 676 2923 i.
705 2879 761 2923 e.
808 2858 1106 2921 omnium
1152 2858 1575 2920 animantium
1626 2866 1691 2921 et
1737 2878 1953 2921 rerum
2001 2866 2379 2939 procreator
2423 2865 2537 2919 aut
2584 2876 2714 2918 non
2763 2863 2882 2917 est.

639 2969 710 3034 Si
769 2970 1151 3047 affirmatur,
1214 2978 1286 3033 ut
1348 2969 1654 3034 homines
1703 2970 2053 3033 Christiani
2104 2971 2367 3045 faciunt,
2416 2970 2579 3032 deus
2623 2978 2725 3032 est
2771 2989 2883 3030 no·

637 3094 844 3149 strum
892 3083 1186 3147 omnium
1240 3085 1548 3147 dominus
1594 3094 1658 3171 et
1705 3085 1983 3148 eandem
2010 3085 2072 3146 in
2103 3104 2222 3146 nos
2249 3082 2444 3146 habet
2470 3091 2884 3165 potestatem,

639 3219 838 3280 quam
888 3199 1189 3279 κεραμεῦ,-
1236 3200 1298 3261 in
1347 3195 1574 3279 πηλόν,
1610 3198 1666 3281 1)
1712 3197 2016 3261 homines
2061 3218 2219 3262 vero
2265 3199 2355 3260 ita
2379 3199 2597 3261 vivere
2625 3196 2884 3271 debent,

642 3321 712 3375 ut
780 3311 863 3375 sit
929 3313 996 3374 in
1063 3313 1189 3373 Dei
1254 3313 1481 3395 optimi
1531 3313 1801 3376 maximi
1848 3311 2188 3376 honorem.
2281 3311 2393 3376 Sin
2445 3312 2678 3387 minuS‚
2726 3310 2887 3374 deus

637 3445 769 3488 non
816 3424 994 3487 aliud
1041 3426 1105 3487 in
1153 3424 1452 3488 homines
1499 3426 1696 3488 habet
1742 3427 1840 3487 ius
1888 3426 2011 3488 nisi
2058 3426 2460 3508 potentioris.
2511 3424 2886 3505 Unicuique

638 3548 858 3602 tamen
923 3540 1342 3622 perspicuum
1405 3541 1524 3603 erit
1571 3540 1793 3614 deum,
1840 3541 1952 3622 qui
2002 3541 2083 3602 sit
2127 3548 2523 3635 procreator,
2550 3548 2616 3602 et
2660 3539 2881 3613 deum,

642 3654 754 3736 qui
803 3651 1086 3715 universi
1134 3653 1672 3733 gubernationem
1715 3653 1934 3714 nescio
1982 3673 2116 3734 quo
2156 3653 2293 3715 iure
2318 3652 2440 3715 sibi
2466 3652 2886 3733 arrogaverit,

641 3766 916 3830 eandem
982 3773 1376 3847 potestatem
1447 3764 1690 3827 habere
1764 3766 2030 3828 mimine
2084 3785 2295 3849 posse.
2390 3764 2521 3846 Qui
2570 3764 2767 3841 enim,
2817 3771 2889 3826 ut

640 3878 949 3961 exemplo
997 3886 1160 3955 utar,
1220 3878 1384 3941 deus
1431 3877 1798 3956 hominum,
1848 3900 2017 3961 quos
2066 3898 2197 3941 non
2245 3878 2387 3959 ipse
2432 3877 2888 3959 procreaverit,

644 3996 762 4058 sed
807 3995 938 4057 iam
983 4001 1364 4075 procreatos
1412 3993 1753 4071 invenerit,
1801 3994 2251 4076 cogitationeS,
2294 4012 2425 4055 non
2454 3990 2652 4053 modo
2678 4010 2887 4067 nosse,

643 4110 759 4172 sed
807 4129 1054 4191 regere,
1102 4108 1306 4171 immo
1332 4109 1410 4171 iis
1437 4110 1726 4171 incutere
1748 4108 1999 4190 possit?
2046 4106 2245 4188 Quod
2270 4106 2447 4189 apud
2478 4103 2888 4187 Aeschylum

643 4221 867 4286 multis
913 4221 1076 4284 locis
1122 4222 1254 4285 fieri
1302 4223 1623 4286 videmus,

718 4420 763 4485 1)
814 4420 898 4468 Ad
947 4420 1094 4471 Rom.
1147 4420 1243 4479 IX,
1294 4433 1374 4482 20,
1425 4419 1765 4470 disertioribus
1810 4420 1958 4470 etiam
2008 4419 2172 4468 verbis
2236 4420 2417 4469 Ierem.
2480 4417 2683 4480 XVIII,
2735 4416 2889 4475 1-6;

645 4512 743 4561 Ies.
779 4509 942 4571 XLV,
976 4523 1159 4572 9—10.
