3442 4975
1536 495 1656 558 147

476 668 578 731 lus
643 667 849 731 homo
916 676 1174 750 praeter
1240 686 1376 745 eos,
1447 668 1558 749 qui
1627 665 1866 730 Sacros
1929 667 2165 730 Libros
2227 677 2468 732 norunt
2515 669 2723 752 iisque

475 782 738 864 plenam
809 781 1004 844 fidem
1075 780 1336 854 habent,
1406 779 1576 843 hanc
1646 779 1830 842 litem
1905 779 2205 842 dirimere
2262 790 2500 862 potest,
2564 784 2721 865 quin

475 905 591 961 aut
658 896 880 960 divino
951 895 1228 976 imperio
1298 903 1412 956 aut
1478 892 1735 956 divinae
1806 892 2087 956 iustitiae
2156 894 2488 961 obtrectet.
2581 897 2723 960 Nec

473 1020 694 1073 tamen
779 1010 947 1072 hanc
1015 1009 1103 1071 ob
1189 1029 1325 1072 rem
1394 1005 1714 1090 Aeschyli
1800 1008 2091 1070 divinum
2160 1009 2498 1090 ingenium
2568 1013 2721 1074 satis

476 1125 690 1187 mirari
759 1143 1134 1205 possumuS,
1207 1123 1316 1204 qui
1393 1130 1734 1202 peccatum
1796 1141 2055 1203 semper
2114 1121 2364 1184 homini
2425 1126 2721 1206 imputet,

476 1236 601 1298 deo
649 1257 909 1318 semper
954 1236 1234 1298 ascribat
1278 1237 1362 1297 de
1405 1243 1549 1299 toto
1590 1235 1841 1297 mundo
1867 1243 2140 1317 totoque
2166 1257 2405 1318 genere
2432 1237 2721 1301 humano

477 1351 820 1432 imperium
891 1357 955 1412 et
1024 1349 1088 1411 id
1159 1348 1426 1432 quidem
1503 1347 1687 1410 salva
1757 1347 1976 1410 divina
2045 1351 2382 1412 sanctitate
2452 1352 2721 1414 veritate

476 1463 735 1525 iustitia.
800 1463 1028 1526 Unum
1073 1470 1292 1526 tamen
1341 1463 1563 1545 negari
1615 1483 1748 1525 non
1793 1470 2048 1544 potest:
2096 1464 2161 1524 in
2209 1464 2311 1525 dei
2360 1463 2719 1546 Aeschylei

475 1577 816 1639 sanctitate
863 1577 918 1638 si
967 1576 1181 1639 minus
1227 1576 1459 1639 vitium
1507 1577 1597 1638 rei
1641 1577 1946 1650 occurrit,
1978 1576 2207 1639 vitium
2236 1577 2518 1663 nominis
2546 1587 2720 1640 certe

475 1689 660 1751 inest.
753 1689 927 1751 Nam
974 1698 1040 1752 et
1083 1692 1324 1768 φθόνος
1370 1698 1435 1752 et
1480 1687 1706 1765 ἀπάτη
1753 1698 1819 1751 et
1870 1692 2087 1768 ψύθος
2134 1698 2198 1752 et
2236 1689 2511 1753 verbum
2537 1692 2717 1772 quod

474 1811 570 1865 est
643 1799 1003 1882 ψεύδεσθαι
1075 1824 1336 1884 semper
1403 1803 1468 1865 in
1531 1802 1773 1866 malam
1818 1811 2072 1884 partem
2119 1802 2407 1884 intellegi
2456 1804 2717 1881 debent,

474 1916 905 1997 quamobrem
975 1918 1297 1980 eiusmodi
1367 1917 1727 1993 vocabuliS,
1801 1917 1911 1980 ubi
1959 1937 2177 1980 sermo
2225 1926 2321 1980 est
2368 1918 2451 1980 de
2498 1918 2719 1982 divina

474 2029 697 2092 mundi
745 2031 1238 2111 gubernatione,
1290 2032 1382 2093 uti
1432 2031 1699 2093 minime
1726 2030 1897 2094 licet.
1948 2030 2373 2113 Quamquam
2401 2034 2717 2094 memoria

472 2127 593 2206 est*
635 2144 991 2208 tenendum
1059 2143 1474 2227 Aeschylum
1546 2165 1676 2208 non
1723 2147 2009 2227 primum
2057 2145 2218 2208 haec
2263 2145 2584 2208 vocabula
2631 2145 2749 2206 de'

471 2255 597 2317 deo
665 2256 1064 2335 adhibuisse,
1133 2258 1247 2320 sed
1319 2259 1686 2321 inveteratis
1751 2259 2123 2322 nominibus
2184 2260 2457 2339 receptis
2505 2257 2705 2320 alium

469 2370 798 2450 puriorem
849 2392 1113 2434 sensum
1162 2373 1610 2436 vindicavisse.
