3442 4975
1746 421 1869 482 124

677 598 944 652 naturae
1012 588 1338 652 humanae
1385 591 1472 652 ita
1519 591 2037 667 convenientem,
2087 599 2157 653 ut
2204 589 2380 672 apud
2428 589 2713 672 populos
2762 588 2927 652 chri-

676 705 939 780 stianOS,
1011 724 1413 786 quamquam
1482 703 1564 776 hi,
1618 703 1955 766 meliorem
2002 712 2397 785 acceperunt
2444 703 2828 781 doctrinam,
2866 711 2922 786 ι)

675 818 742 879 in
808 818 938 880 vita
998 819 1331 880 communi
1395 839 1582 881 amor
1629 796 2045 881 inimicorum
2091 826 2269 882 totus
2318 819 2455 882 fere
2500 819 2925 897 desideretur,

677 950 889 1012 neque
956 931 1131 1012 apud
1181 939 1340 1008 'eo-S,
1409 931 1522 1014 qui
1593 951 1726 994 non
1773 930 1918 994 solo
1966 932 2253 1009 nomine,
2301 932 2416 995 sed
2466 952 2692 995 revera
2740 931 2925 995 Chri-

675 1045 918 1106 stianos
957 1065 1030 1106 se
1075 1065 1216 1107 esse
1258 1045 1566 1126 gestiunt,
1615 1043 1723 1106 hic
1769 1064 1955 1107 amor
1999 1045 2185 1127 quasi
2230 1043 2436 1108 altera
2481 1053 2713 1108 natura
2758 1045 2928 1108 sacta

675 1159 775 1234 sit,
844 1159 961 1221 sed
1035 1158 1194 1222 heu!
1289 1159 1481 1221 nimis
1551 1157 1829 1220 difficilis
1920 1178 2023 1220 res
2111 1177 2257 1221 esse
2341 1178 2537 1241 saepe
2608 1155 2923 1222 videatur.

678 1271 936 1354 Quodsi
983 1271 1207 1355 populi
1257 1272 1587 1335 christiani
1635 1271 1804 1335 hanc
1852 1273 2218 1335 doctrinam
2268 1273 2386 1336 sibi
2427 1272 2776 1348 vindicant,
2804 1293 2925 1335 nec-

674 1397 894 1450 tamen
967 1388 1030 1450 in
1100 1387 1433 1449 communi
1505 1387 1640 1448 vita
1710 1387 1847 1448 eius
1920 1405 2243 1449 memores
2290 1385 2503 1450 solent
2552 1407 2716 1464 esse,
2764 1387 2923 1468 quid

632 1501 936 1588 ‘mirum,
1005 1501 1057 1561 si
1131 1499 1384 1576 Graeci,
1457 1507 1521 1561 et
1591 1499 1755 1560 inter
1814 1497 2103 1561 Graecos
2147 1497 2548 1581 AeschyluS,
2598 1499 2711 1581 qui
2760 1499 2926 1562 tales

674 1615 872 1678 videri
943 1613 1207 1691 nollent,
1273 1612 1500 1695 quales
1567 1632 1712 1675 esse
1784 1633 1915 1675 non
1984 1622 2273 1695 possent,
2344 1612 2501 1676 illud
2574 1613 2797 1676 odium
2859 1615 2923 1675 in

675 1729 968 1790 inimicos
1015 1727 1232 1810 palam
1279 1728 1550 1810 professi
1597 1733 1793 1790 sunt?

760 1842 1101 1904 Praeterea
1149 1839 1524 1922 Aeschylus
1571 1849 1839 1922 putasse
1875 1841 2131 1903 videtur
2157 1840 2471 1903 ultionem
2501 1841 2915 1902 inimicorum

671 1977 710 2018 a
756 1956 876 2018 diis
925 1955 1301 2018 hominibus
1353 1955 1725 2018 mandatam
1775 1975 1940 2032 esse,
1990 1975 2140 2017 cum
2190 1976 2245 2018 e.
2298 1975 2393 2036 gr.
2442 1955 2598 2017 dicit
2623 1954 2917 2035 Agame-

675 2090 988 2133 mnonem
1057 2092 1095 2132 a
1144 2070 1302 2134 Iove
1353 2071 1623 2133 missum
1672 2090 1839 2145 esse,
1889 2078 1961 2156 ut
2009 2069 2304 2132 Paridem
2355 2078 2622 2151 propter
2670 2079 2921 2151 raptam

679 2184 1002 2247 Helenam
1054 2184 1473 2248 ulcisceretur
1519 2185 1756 2264 Agant.
1804 2182 2105 2247 60—62:

1161 2295 1330 2358 οὕτω
1377 2293 1434 2357 δ’
1483 2294 1755 2377 Ἀτρέως
1803 2293 2040 2369 παῖδας
2086 2297 2123 2357 ὁ
2166 2295 2465 2377 κρείσσων

1165 2411 1264 2470 ἐπ’
1316 2407 1732 2491 Ἀλεξάνδρῳ
1769 2410 2001 2491 πέμπει
2051 2408 2247 2483 ξένιος

1159 2526 1338 2602 Ζεύς,

674 2648 739 2701 et
785 2636 1087 2702 Orestam
1134 2638 1216 2702 ab
1263 2639 1576 2721 Apolline
1635 2641 1946 2723 gravibus
1993 2640 2223 2721 poenis
2271 2639 2626 2721 propositis
2671 2648 2923 2721 patrem

676 2752 899 2814 ulcisci
948 2754 1197 2815 iussum
1243 2772 1390 2815 esse
1435 2752 1737 2836 (Choiph.
1791 2753 2175 2833 261—289;
2238 2751 2716 2833 1026—1030).

764 2863 966 2946 Quod
1051 2866 1334 2949 denique
1415 2869 1655 2930 summi
1739 2876 1836 2931 est
1916 2867 2255 2941 momenti,
2338 2866 2747 2948 temporibus
2819 2866 2915 2941 iis,

674 2977 912 3060 quibus
961 2977 1084 3042 hae
1129 3000 1448 3063 personae
1494 2982 1783 3063 tragicae
1807 2981 2141 3063 finguntur
2165 2980 2433 3057 vixisse,
2460 3000 2616 3042 suae
2644 2980 2923 3062 quisque

672 3111 904 3154 causae
949 3102 1088 3156 erat
1131 3094 1394 3170 vindex,
1443 3115 1562 3158 nec
1609 3096 1773 3158 dum
1820 3096 2069 3157 iudices
2116 3102 2298 3157 erant
2347 3089 2569 3169 ,,δι’κας
2597 3091 2920 3173 κρίνοντες

674 3203 945 3285 αἳματος
992 3204 1229 3288 xvv-off
1275 3208 1490 3292 (Eum.
1537 3208 1714 3290 672).

763 3319 1065 3402 Quarum
1113 3323 1407 3385 omnium
1460 3343 1676 3407 rerum
1727 3307 1977 3385 ratione
2022 3320 2243 3385 habita
2286 3322 2508 3403 potius
2550 3320 2921 3383 mirandum

671 3435 926 3499 videtur
973 3435 1322 3515 Electram,
1373 3440 1411 3499 i.
1460 3458 1515 3500 e.
1568 3435 1981 3519 Aeschylum
2031 3437 2093 3499 in
2142 3436 2617 3499 dubitationem
2644 3435 2918 3510 venisse,

674 3558 892 3612 utrum
960 3549 1056 3611 fas
1114 3559 1288 3613 esset
1335 3550 1558 3614 hostes
1610 3551 1829 3614 ulcisci
1880 3571 2084 3613 necne
2128 3551 2216 3633 (v.
2276 3549 2450 3632 115),
2501 3570 2703 3631 quam
2752 3550 2917 3611 vitu-

672 3662 1053 3746 perandum,
1119 3664 1297 3745 quod
1346 3663 1687 3727 haesitanti
1739 3664 2035 3727 Electrae
2082 3683 2469 3745 responsum
2517 3663 2708 3724 datur
2752 3660 2923 3724 affir-

674 3777 1009 3839 mativum.
1042 3777 1102 3859 2)

745 3939 789 4005 1)
842 3940 965 3989 Luc.
1018 3936 1109 4001 VI,
1161 3952 1242 4002 27,
1295 3936 1375 3988 28.
1413 3938 1703 4003 Ἀγαπᾶτε
1739 3942 1864 3996 τοὺς
1895 3940 2132 4006 ἐχθροὺς
2171 3939 2334 3997 ὑμῶν,
2370 3936 2538 3993 καλῶς·
2573 3945 2774 3985 ποιεῖτε
2810 3943 2919 3993 τοῖς

671 4034 911 4090 μισοῦσιν
956 4032 1113 4089 ὑμᾶς,
1172 4029 1442 4095 εὐλογεῖτε
1479 4032 1604 4087 τοὺς
1641 4032 2047 4097 καταρωμένους
2086 4030 2210 4089 ὑμῖν
2247 4032 2333 4077 καὶ
2368 4029 2743 4095 προσεύχεσθε
2783 4026 2919 4093 ὑπὲρ

672 4124 774 4171 τῶν
811 4120 1218 4186 ἐπηρεαζόντων
1251 4119 1440 4181 ὑμᾶς.”
1475 4120 1542 4169 Et
1576 4120 1755 4170 Matth.
1792 4120 1855 4183 V,
1889 4134 1985 4181 443
2026 4121 2186 4169 Ron1.·
2212 4120 2337 4179 XII,
2374 4132 2454 4169 20.

741 4210 790 4277 2)
827 4212 1007 4260 Matth.
1045 4212 1106 4271 V,
1140 4226 1207 4275 43
1235 4212 1442 4276 legitur:
1480 4210 1716 4260 ’ῙῙκούσα
1732 4231 1784 4261 τε
1821 4212 1903 4259 ὅτι
1941 4212 2167 4278 ἐρρέθη,
2204 4211 2545 4276 Ἀγαπήσεις
2579 4212 2672 4258 τὸν
2692 4208 2921 4275 πλησίον

675 4319 786 4362 σου,
825 4304 913 4351 καὶ
946 4306 1186 4368 μισήσεις
1223 4306 1315 4352 τὸν
1351 4303 1560 4370 ἐχθρόν
1599 4317 1704 4353 σου.
1742 4303 2047 4366 Aeschylum
2084 4309 2250 4351 autem
2286 4302 2539 4351 hocidem
2558 4302 2740 4350 docere
2762 4301 2922 4351 Buch-

673 4396 787 4445 holz
823 4394 1100 4460 contendit,
1134 4396 1222 4444 sed
1257 4395 1420 4444 minus
1454 4401 1604 4456 recte,
1640 4411 1757 4443 nam
1792 4402 1942 4460 poeta
1975 4394 2101 4443 dicit
2134 4408 2239 4442 non
2274 4408 2390 4442 cum
2422 4393 2609 4458 pietate
2627 4408 2748 4459 erga
2767 4392 2919 4441 deum

670 4500 898 4552 pugnare
924 4485 1150 4534 hostibus
1186 4484 1315 4533 male
1350 4483 1529 4550 facete,
1559 4499 1653 4534 nec
1688 4491 1859 4534 tamen
1890 4485 2022 4534 hanc
2058 4498 2164 4533 rem
2197 4481 2456 4549 praecipit.
