3442 4975
1659 446 1702 510 9

640 616 861 679 Deum
908 638 1105 699 porro
1153 638 1240 678 ex
1286 617 1598 698 operibus
1641 618 1784 679 eius
1809 618 2037 698 iisque,
2064 638 2233 699 quae
2259 618 2443 680 nobis
2467 621 2794 699 accidunt,

550 732 885 813 cognosci,
976 731 1040 794 id
1113 751 1264 792 cum
1335 730 1640 793 omnibus
1710 727 1975 793 Graecis
2043 738 2186 793 turn
2256 716 2598 815 Aeschylo
2666 756 2789 817 pro

549 844 906 906 certissima
976 864 1042 906 re
1111 851 1266 920 erat,
1339 844 1557 925 itaque
1631 842 1946 925 Aeschyli
2016 844 2392 925 tragoediae
2438 850 2793 928 sententiiS,

549 958 633 1020 ad
681 957 849 1019 hanc
899 977 1035 1019 rem
1082 956 1576 1039 pertinentibu3‚
1625 956 1981 1021 abundant.
2076 958 2405 1022 Procellae
2451 962 2623 1024 enim
2671 963 2797 1026 deo

551 1071 962 1134 ascribuntur
1032 1070 1225 1152 (Pers.
1295 1082 1674 1151 493—495,
1744 1070 1985 1149 Agam.
2051 1070 2234 1152 627),
2282 1072 2521 1154 quibus
2569 1075 2636 1152 ii,
2684 1078 2794 1158 qui

546 1181 798 1247 'nullos‘
835 1194 1023 1248 antea
1093 1184 1252 1247 deos
1320 1184 1757 1260 crediderunt,
1828 1185 2144 1265 oppressi,
2204 1194 2276 1247 ut
2337 1188 2467 1249 iam
2516 1189 2799 1253 vidimus

555 1301 643 1383 (p.
719 1300 803 1383 2),
865 1300 1061 1363 animi
1139 1319 1388 1381 angore
1432 1299 1778 1381 perterriti,
1827 1299 1987 1361 deos
2035 1300 2415 1381 implorant3
2466 1302 2520 1364 si
2568 1301 2800 1385 aliq'uis

541 1431 659 1481 ex,
704 1423 1091 1496 tempestate
1160 1422 1273 1477 aut
1341 1412 1492 1475 belli
1552 1412 1860 1494 periculis
1922 1414 2207 1494 eripitur,
2258 1414 2422 1478 deus
2470 1426 2622 1479 eum
2670 1438 2799 1481 ser-

549 1528 726 1591 vavit
793 1527 1057 1609 (Agam.
1134 1528 1279 1606 581,
1348 1525 1751 1609 639—641),
1823 1526 2062 1589 herbae
2109 1527 2390 1610 denique
2437 1538 2501 1592 et
2546 1531 2797 1595 fructus

550 1644 1020 1712 incrementum
1091 1662 1128 1703 a
1199 1642 1324 1703 deo
1392 1641 1688 1722 accipere
1759 1641 2065 1704 dicuntur
2114 1642 2373 1722 (Agam.
2422 1661 2800 1728 934—935‚

538 1755 764 1836 suppl.
837 1753 1240 1837 656—657).
1334 1756 1503 1818 Item
1566 1776 1668 1818 res
1714 1774 2071 1837 prosperae
2118 1766 2184 1819 et
2229 1758 2541 1822 adversae
2587 1781 2626 1823 a
2675 1762 2797 1824 diis

542 1868 1068 1953 proficiscuntur,
1116 1890 1267 1931 nam
1320 1862 1515 1945 „³500
1564 1867 1627 1931 δὲ
1675 1867 1879 1949 δῶρόν
1924 1871 2097 1931 ἐστιν
2152 1869 2440 1953 εὐτυχεῖν
2486 1871 2795 1955 βροτοιῖς”

547 1982 742 2065 (Sept.
789 1983 966 2065 608),
1013 1992 1079 2046 et
1128 1982 1297 2064 Sept.
1342 1983 1692 2064 464--465
1746 1984 1984 2047 chorus
2028 1985 2220 2047 dicit:

812 2098 1159 2178 ἐπεύχομαι
1220 2093 1294 2175 δὴ
1346 2093 1496 2157 τάδε
1543 2099 1654 2175 μὲν
1703 2101 2015 2178 εὐτυχεῖν,
2067 2096 2139 2157 ἰὼ

822 2207 1096 2291 πρόμαχ’
1146 2211 1312 2290 ἐμῶν
1358 2207 1593 2290 δόμων,
1642 2216 1801 2271 τοῖσι
1852 2206 1917 2271 δὲ
1969 2207 2305 2293 δυστυχεῖν
2363 2212 2441 2294 1).

647 2326 941 2388 Fuerunt
985 2335 1226 2401 autem,
1276 2325 1388 2407 qui
1435 2333 1742 2406 putarent
1786 2323 2029 2386 nullam
2081 2324 2205 2387 Dei
2256 2325 2591 2388 scientiam
2639 2346 2799 2402 esse,

551 2440 670 2502 nisi
739 2460 907 2522 quae
968 2460 1005 2502 a
1051 2439 1332 2522 pristinis
1381 2438 1757 2502 hominibus
1805 2437 2069 2523 (quibus
2118 2437 2300 2502 Deus
2347 2438 2487 2521 ipse
2534 2439 2798 2505 obviam

549 2553 860 2635 venisset)
927 2555 1160 2617 tradita
1207 2563 1380 2618 esset
1423 2555 1719 2636 posteriS.
1771 2553 1834 2635 2)
1928 2553 2346 2635 Quibuscum
2396 2567 2797 2637 quamquam

556 2687 767 2749 neque
837 2667 877 2728 ii
950 2670 1384 2744 consentiunt,
1452 2667 1693 2750 quibus
1763 2666 1940 2741 Sacri
1991 2666 2168 2729 Libri
2216 2675 2366 2729 sunt
2411 2686 2615 2748 purus
2654 2667 2798 2730 fons

555 2801 747 2844 verae
821 2782 1214 2863 cognitionis
1285 2782 1431 2854 Dei,
1490 2802 1704 2864 neque
1751 2782 1814 2858 ii,
1864 2782 1974 2863 qui
2021 2781 2160 2844 sola
2199 2790 2429 2844 natura
2478 2781 2792 2843 humana-

564 2917 695 2978 que
744 2897 993 2960 ratione
1038 2897 1388 2974 ducuntur,
1435 2906 1654 2960 tamen
1704 2917 1835 2959 non
1885 2906 2001 2973 est,
2050 2918 2167 2959 cur
2214 2896 2612 2971 dubitemuS,
2639 2895 2797 2977 quin

558 3010 667 3073 illa
688 3012 958 3093 pristina
1005 3012 1291 3087 scientia,
1341 3009 1645 3094 quamvis
1691 3019 1999 3093 corrupta
2024 3019 2089 3074 et
2114 3010 2449 3084 diminuta,
2476 3008 2558 3072 ad
2582 3018 2798 3090 poste-

558 3126 726 3188 riora
793 3125 1055 3188 saecula
1126 3136 1188 3189 et
1260 3127 1545 3188 maxime
1609 3126 1903 3188 diversos
1974 3123 2256 3206 populos
2302 3123 2799 3205 permanaverit.

553 3239 783 3322 Itaque
877 3239 1059 3302 multi
1151 3238 1313 3301 haec
1381 3240 1599 3315 etiam,
1670 3241 1874 3302 immo
1945 3239 2283 3320 imprimiS,
2352 3238 2436 3300 ad
2509 3235 2798 3298 Graecos

551 3354 870 3436 pertinere
960 3354 1351 3415 existimant.
1443 3351 1665 3433 Spiess
1760 3372 1816 3414 e.
1912 3372 2009 3433 gr.
2104 3350 2363 3431 scripsit
2461 3349 2527 3411 in
2627 3349 2799 3428 Logo

554 3465 964 3547 Spermalico‚
1036 3465 1203 3530 Einl.
1273 3487 1340 3548 p.
1412 3465 1760 3528 XXXIV:
1837 3465 2017 3541 „Das
2083 3463 2291 3528 Reich
2361 3464 2477 3526 der
2526 3465 2803 3547 Erinne-

555 3600 743 3661 rung,
833 3580 950 3642 der
1040 3579 1616 3661 Zusammenhang
1710 3582 1827 3643 mit
1895 3580 2022 3643 den
2096 3577 2402 3646 Urzeiten
2474 3578 2606 3641 und
2686 3578 2804 3641 der

563 3693 902 3758 Urfamilie
985 3715 1117 3757 war
1184 3694 1334 3757 dem
1412 3693 1947 3772 Hellenenthum‚
2020 3697 2140 3758 wie
2214 3694 2578 3777 uberhaupt
2648 3693 2798 3754 dem

557 3806 1034 3886 Heidenthum,
1083 3806 1261 3870 nicht
1306 3807 1604 3889 ganzlich
1650 3807 2184 3890 abgeschnitten;
2234 3810 2340 3872 die
2387 3808 2606 3889 Sagen
2644 3828 2800 3870 vom

555 3921 840 4003 goldnen
901 3922 1224 3998 Zeitalter,
1271 3943 1401 3986 von
1449 3922 1819 3986 Deucalion
1870 3924 2000 3985 und
2049 3922 2321 4006 Pyrrha,
2366 3943 2497 3986 von
2544 3924 2803 4006 Iapetos

553 4034 879 4119 (Japhet?)
931 4036 994 4120 3)
1069 4056 1225 4099 vom
1296 4036 1554 4118 Kampf
1614 4037 1733 4099 der
1800 4037 2074 4100 Titanen
2147 4038 2280 4099 und
2352 4036 2601 4114 Gotter,
2672 4057 2801 4100 von

625 4244 670 4310 ι)
707 4247 788 4295 De
822 4246 902 4294 his
936 4246 1083 4294 rebus
1119 4246 1260 4310 plura
1295 4247 1409 4295 vide
1447 4246 1557 4294 Lib.
1594 4247 1639 4305 I,
1673 4247 1801 4310 Cap.
1838 4246 1864 4294 Ῑ
1899 4253 1951 4296 et
1987 4247 2103 4297 Lib.
2136 4247 2208 4309 11,
2246 4245 2368 4310 Cap.
2407 4246 2457 4305 Ι,
2491 4245 2594 4295 111.

623 4341 673 4405 2)
710 4338 915 4403 Hodge,
953 4339 998 4402 Ι,
1035 4349 1148 4403 201,
1185 4342 1207 4400 ς
1243 4351 1290 4402 3.

622 4430 671 4496 3)
708 4431 790 4479 De
823 4431 1006 4495 Japeto
1041 4429 1157 4478 vide
1193 4429 1343 4479 etiam
1379 4431 1458 4481 W.
1497 4430 1678 4480 Christ.
1715 4430 1899 4482 Gesch.
1928 4430 2017 4478 der
2052 4430 2140 4480 Gr.
2179 4429 2316 4490 Litt.,
2354 4429 2611 4478 Munchen
2654 4428 2798 4493 1890,

555 4539 605 4590 p.
643 4523 724 4584 82,
759 4523 912 4571 Anm.
950 4536 997 4590 3.
