3442 4975
10 458 12 469 ,
9 302 40 371 ,I

1657 399 1742 461 39

535 581 652 653 ·et,
724 570 903 654 quod
978 572 1184 633 maius
1257 577 1374 647 est,
1422 568 1583 631 haec
1629 574 1819 649 μοῖρα
1868 566 2126 630 dolores
2174 575 2348 645 sunt,
2394 588 2433 630 a
2478 569 2633 631 Iove
2680 567 2813 631 dati

568 682 985 769 (διοσδότων),
1015 703 1193 766 ergo
1238 682 1402 746 haec
1447 684 1586 766 ipsa
1629 686 1821 763 μοῖρα
1866 680 2299 763 proficiscitur
2343 680 2426 743 ab
2473 679 2653 743 Iove.

654 800 739 864 V.
785 814 866 881 95
881 812 947 879 5.
979 797 1258 881 denique
1317 797 1658 878 Antigone
1727 804 1791 859 et
1834 797 2091 858 Ismene
2136 799 2359 875 μοῖραν
2407 802 2684 858 tractant
2734 804 2801 857 ut

563 932 933 994 personam,
982 913 1226 994 quippe
1273 931 1442 993 quae
1490 910 1753 973 dicant:
1852 933 1857 938 -

949 1096 952 1098 Α
1099 1022 1170 1083 ἶὼ
1220 1025 1448 1104 Μοῖρα
1491 1020 1911 1105 βαρυδότειρα
1956 1025 2205 1101 μογερά.

652 1138 750 1201 At
795 1139 1036 1219 Agant.
1083 1159 1188 1202 vv.
1245 1149 1586 1217 123—125
1638 1137 1811 1199 idem
1862 1136 1968 1199 fit:

1098 1254 1323 1313 πάντα
1370 1247 1436 1312 δὲ
1484 1252 1747 1331 πύργων

1094 1369 1296 1447 κτήνη
1343 1366 1585 1445 πρόσθε
1635 1364 1720 1426 τὰ
1769 1360 2175 1446 δημιοπληθῆ

1091 1484 1282 1561 μοῖρα
1327 1475 1600 1551 λαπάξει
1649 1479 1805 1560 πρὸς
1852 1478 1925 1538 τὸ
1969 1477 2207 1563 βίαιον·

561 1595 672 1657 ubi
745 1604 961 1657 tamen
1029 1615 1159 1658 non
1205 1602 1322 1672 est,
1369 1615 1486 1657 cur
1530 1598 1762 1674 μοῖραν
1813 1594 2020 1675 magis
2068 1592 2259 1655 deam
2306 1602 2800 1676 esseputemus

562 1716 762 1791 quain
810 1705 1119 1770 κέλευθον
1165 1731 1224 1775 ν.
1259 1724 1402 1785 122,
1450 1728 1618 1790 quae
1655 1708 1891 1771 dicitur
1928 1707 2155 1770 urbem
2194 1707 2430 1771 Priami
2457 1705 2808 1788 aliquando

567 1843 713 1886 esse
759 1832 1056 1907 captura:

834 1940 1033 2020 χρόνῳ
1081 1936 1198 2017 μὲν
1245 1935 1428 2017 οέγρεῒ
1468 1939 1770 2017 Πριάμου
1818 1932 2009 1997 πόλιν
2057 1932 2169 1997 ἅδε
2218 1932 2536 2007 κέλευθος.

653 2052 1048 2115 Recorderis
1096 2024 1314 2128 etia-m,
1363 2070 1633 2134 quaese,
1683 2070 1852 2135 quae
1899 2051 1981 2113 de
2028 2048 2237 2132 figura
2284 2047 2806 2131 προσωποποιίας

562 2166 809 2247 scripsi,
856 2167 1071 2249 priore
1117 2166 1345 2247 capite,
1391 2185 1456 2246 p.
1505 2177 1582 2245 17
1622 2184 1677 2229 c.
1716 2172 1938 2230 annot.
1973 2182 2037 2242 4.
2106 2164 2406 2241 Accedit,
2454 2164 2634 2247 quod
2672 2184 2805 2226 non

557 2300 822 2343 necesse
871 2288 969 2343 est
1014 2280 1128 2342 vix
1173 2278 1428 2342 adultas
1473 2263 1779 2371 virgines,
1827 2280 2205 2361 praesertim
2253 2300 2404 2342 cum
2453 2279 2517 2339 in
2542 2298 2803 2340 summo

557 2395 685 2457 sint
750 2393 953 2469 luctu,
1022 2400 1254 2476 poetae
1324 2402 1613 2456 mentem
1682 2394 2081 2476 exprimere,·
2143 2394 2296 2476 quia
2356 2394 2419 2455 in
2478 2391 2800 2455 eiusmodi

555 2507 1124 2573 lamentationibus
1193 2529 1308 2572 eae
1376 2509 1790 2590 potissimum
1858 2527 2055 2571 voces
2124 2508 2427 2585 eduntur,
2500 2527 2669 2590 quae
2713 2528 2799 2570 ex

485 2704 491 2711 ¹
552 2622 1074 2705 propinquorum
1158 2630 1224 2686 et
1311 2623 1674 2686 amicorum
1743 2622 2214 2686 consuetudine
2294 2622 2582 2685 maxime
2651 2630 2801 2684 sunt

557 2736 852 2800 usitatae.
948 2737 1035 2800 Et
1101 2737 1296 2800 etiam
1366 2737 1420 2798 si
1484 2736 1952 2800 concederetur
2011 2739 2235 2814 μοῖραν
2298 2734 2403 2798 hic
2449 2755 2797 2818 personam

553 2869 716 2927 esse,
765 2869 896 2913 non
941 2858 1162 2914 tamen
1209 2871 1296 2913 ex
1350 2849 1478 2913 hoc
1526 2851 1674 2914 loco
1720 2849 2087 2914 efficeretur
2131 2870 2275 2912 eam
2326 2870 2522 2932 supra
2568 2849 2795 2912 Iovem

551 2983 714 3026 esse.
785 2962 1013 3046 Itaque
1082 2964 1187 3026 hic
1255 2985 1482 3029 versus
1530 2964 1688 3028 nihil
1737 2965 1951 3040 efficit,
2002 2964 2117 3027 sed
2165 2965 2383 3046 potius
2430 2965 2568 3026 aliis
2616 2963 2796 3038 lociS,

552 3076 660 3140 ubi
731 3083 926 3159 poeta
986 3079 1194 3160 magis
1241 3076 1493 3140 disertis
1539 3078 1849 3160 loquatur
1894 3078 2127 3152 verbiS,
2186 3076 2607 3140 illustrandus
2655 3078 2795 3138 erit.

639 3189 953 3272 Superest
1015 3199 1087 3254 ut
1145 3210 1355 3271 pauca
1413 3191 1652 3254 addam
1722 3191 1806 3253 de
1874 3212 1979 3254 vv.
2054 3191 2427 3272 245—264,
2500 3190 2610 3252 ubi
2678 3196 2793 3253 τοῦ

548 3301 854 3383 μορσίμου
940 3301 1010 3366 fit
1090 3304 1356 3367 mentio.
1472 3304 1833 3386 Postquam
1902 3305 2074 3366 enim
2145 3304 2447 3367 Eteocles
2515 3304 2792 3367 chorum

549 3415 944 3479 lamentandi
1014 3417 1306 3499 deosque
1374 3417 1592 3500 palam
1655 3417 2042 3500 implorandi
2090 3417 2281 3481 finem
2330 3418 2541 3481 facere
2588 3419 2792 3495 iussit,

550 3530 792 3594 chorus
841 3531 1196 3614 respondet
1243 3529 1331 3615 (v.
1383 3531 1580 3614 245):

949 3648 1124 3720 σιγῶ·
1171 3646 1289 3708 σύν
1337 3641 1558 3716 ἄλλοις
1605 3643 1899 3725 πείσομαι
1950 3646 2025 3706 τὸ
2068 3647 2387 3727 μόρσιμον.

636 3759 732 3821 At
751 3759 1074 3838 EteocleS,
1093 3767 1443 3842 postquam
1461 3759 1624 3823 haec
1641 3759 2261 3838 verbacollaudavit,
2281 3760 2500 3824 dicens
2517 3761 2601 3846 (v.
2618 3764 2789 3846 246):

859 3875 1038 3936 τοῦτ’
1083 3871 1230 3934 (ἐντ’
1272 3872 1528 3935 ἐκείνων
1579 3877 1816 3947 τοῦπος
1861 3876 2159 3956 αἱροῦμαι
2206 3873 2419 3953 σέθεν,

635 3988 772 4069 ipse
839 3985 1116 4051 chorum
1186 3997 1428 4065 monet,
1500 3999 1571 4052 ut
1640 3990 1800 4053 deos
1870 3990 2191 4072 imploret,
2264 3990 2381 4052 sed
2427 3991 2601 4063 ἐκτὸς
2656 3982 2790 4052 οὖσ’

544 4097 937 4180 ἀγαλμάτων
1006 4111 1205 4186 atque
1273 4104 1383 4181 ita,
1461 4113 1532 4167 ut
1601 4106 1841 4184 θάρσος
1909 4105 2181 4168 incutiat
2248 4101 2474 4182 φίλοις,
2546 4101 2787 4168 λύουσα

545 4210 846 4294 πολέμιον
915 4216 1114 4299 φόβον
1184 4218 1271 4301 (ν.
1345 4218 1520 4300 252).
1615 4217 1872 4280 Deinde
1919 4218 2073 4280 dicit
2118 4218 2239 4280 sibi
2288 4219 2408 4299 ipsi
2457 4219 2522 4280 in
2568 4221 2787 4282 animo

543 4348 685 4390 esse
753 4329 912 4393 deos
982 4329 1198 4392 colere
1269 4339 1333 4393 et
1377 4329 1572 4393 finem
1619 4330 2004 4395 adhortandi
2054 4331 2202 4395 facit
2248 4330 2348 4397 his
2395 4332 2606 4395 verbis
2655 4333 2785 4419 (vv.

546 4441 957 4528 262—264):
