3442 4975
1777 434 1861 505 30

1222 610 1327 669 καὶ
1373 611 1496 687 μὴν
1543 605 1702 689 ἔργῳ
1752 604 1998 669 κούκέτι
2049 608 2241 688 μύθῳ

1218 720 1398 803 χθὼν
1445 719 1848 784 σεσάλευται·

1217 834 1448 919 βρυχία
1497 832 1550 896 δ’
1598 833 1727 917 ἠχὼ
1778 840 2240 914 παραμυκᾶται

1215 952 1504 1033 βροντῆς,
1550 945 1753 1020 ἐ’λικες
1798 947 1856 1010 δ’
1902 946 2294 1029 ἐκλάμπουσι

1219 1068 1530 1143 στεροπῆς
1577 1062 1870 1144 ζάπυροι,

1216 1178 1511 1261 στρόμβοι
1562 1173 1625 1237 δὲ
1675 1180 1859 1237 κόνιν
1910 1174 2311 1240 εἱλίσσουσιν·

1217 1298 1441 1371 σκιρτᾷ
1489 1287 1546 1351 δ’
1592 1288 1846 1370 ἀνέμων
1897 1295 2245 1370 πνεύματα
2296 1294 2562 1355 πάντων

1222 1406 1305 1476 εἷς
1350 1400 1605 1485 ἄλληλα

1216 1522 1440 1579 στάσιν
1488 1518 1852 1580 ἀντίπνουν
1904 1516 2440 1598 ἀποδεικνύμενα·
2522 1524 2526 1529 “

1214 1632 1725 1714 ξυντετάρακται
1776 1630 1832 1693 δ’
1880 1636 2080 1711 αἰθὴρ
2130 1637 2371 1715 πόντῳ.

1218 1742 1423 1807 τοιάδ’
1470 1748 1571 1807 ἐπ’
1617 1747 1749 1825 ἐμοὶ
1796 1747 1948 1828 ῥιπὴ
2001 1749 2243 1807 Διόθεν

1218 1863 1530 1941 τεύχουσα
1577 1863 1772 1945 φόβον
1819 1860 2049 1943 στείχει
2099 1860 2404 1941 φανερῶς,

772 1976 813 2036 i.
863 1995 952 2035 e.:
1027 1973 1383 2037 Revera
1431 1975 1606 2037 iam
1654 1996 1961 2057 neque
2012 1974 2265 2039 solis
2311 1974 2634 2038 verbis
2680 1982 2943 2035 terra

693 2108 1171 2150 concussa
1211 2097 1374 2165 est;
1425 2110 1461 2151 e
1503 2090 1729 2151 mari
1779 2089 2011 2151 echo
2059 2090 2480 2171 remugit
2525 2088 2942 2161 tonitruS,

687 2202 938 2265 radii
985 2202 1431 2265 fulminis
1478 2203 1740 2284 ignei
1788 2203 2226 2279 emicant,
2274 2201 2727 2266 turbines
2771 2199 2942 2281 pul-

685 2338 994 2380 verem
1087 2317 1530 2380 excitant
1598 2298 2083 2399 ruu'ntque
2154 2317 2562 2379 omnium
2635 2315 2941 2380 flatus

690 2440 1211 2510 ventorum,
1306 2432 1559 2495 inter
1653 2452 1747 2494 se
1807 2453 1916 2494 ex
1984 2432 2418 2495 diversis
2487 2431 2941 2514 partibus

688 2548 1284 2610 saevientem
1378 2546 1971 2609 seditionem
2064 2547 2673 2621 efficientes3
2754 2564 2942 2625 per·

690 2661 1052 2723 mixtus
1099 2669 1238 2722 est
1283 2660 1616 2723 aether
1665 2661 1919 2722 mari.
1966 2660 2229 2722 Talis
2279 2668 2617 2723 contra
2663 2679 2791 2720 me
2836 2656 2941 2720 ab

685 2776 910 2838 Iove
970 2774 1230 2838 sacta
1295 2775 1570 2836 ruina
1616 2775 1704 2836 in
1738 2775 2121 2837 cutiens
2172 2784 2511 2839 metum
2564 2793 2940 2854 grassa-

685 2897 711 2951 t
739 2910 775 2950 u
805 2909 834 2950 r
883 2909 946 2950 m
977 2909 1014 2950 a
1042 2889 1238 2950 nise
1265 2908 1295 2949 s
1321 2896 1348 2950 t
1372 2909 1427 2950 e.
1470 2924 1558 2934 —
1609 2887 1949 2969 Quidnam
1998 2887 2301 2978 ampliuS,
2352 2908 2622 2970 quaeSO,
2691 2887 2941 2949 deside·

687 3024 806 3080 re3,
877 3023 1010 3085 quo
1059 3002 1302 3065 infinita
1349 3011 1637 3083 potestas
1687 3002 1887 3076 IoviS,
1955 3003 2067 3083 qui
2116 3022 2265 3063 cum
2312 3002 2493 3064 nullo
2541 3002 2663 3063 nisi
2714 3021 2938 3062 secum

686 3118 828 3198 ipso
897 3117 1259 3199 comparari
1331 3117 1563 3198 possit,
1638 3117 1700 3199 1)
1769 3115 2296 3178 demonstretur?
2390 3116 2699 3192 Nomina,
2772 3135 2939 3196 quae

687 3231 856 3294 hanc
948 3231 1128 3295 Iovis
1223 3231 1630 3294 maiestatem
1723 3237 2066 3306 testantur,
2154 3235 2307 3290 sunt
2392 3226 2589 3290 haec:
2664 3225 2959 3307 ὕψιστος.

689 3344 899 3427 (Eum.
952 3353 1079 3427 27),
1125 3345 1162 3404 ό
1200 3342 1416 3424 ’τρίτος
1466 3343 1528 3424 2)
1577 3345 1849 3402 πάντων
1893 3339 2183 3420 μέγιστος
2207 3339 2509 3424 (Clcok'plc.
2540 3340 2941 3422 236—237),

688 3461 724 3519 ό
781 3461 1002 3519 πάντα
1053 3456 1330 3538 κραίνων
1383 3456 1592 3537 τρίτος
1639 3461 1847 3538 σωτήρ
1898 3458 2111 3541 (Eum.
2160 3456 2564 3538 749—750),
2616 3453 2943 3535 παντελής

760 3695 806 3762 1)
843 3698 1021 3761 Agant.
1068 3705 1362 3760 152—154:

1355 3790 1444 3836 οῖ’-κ
1485 3785 1582 3852 ἔχω
1616 3787 1966 3853 προσεικάσαι
2002 3788 2137 3852 (Iovi
2171 3786 2297 3852 scii.)

1344 3878 1508 3926 πάντ’
1545 3878 2030 3938 ἐπισταθμώμενος

1354 3970 1500 4036 πλὴν
1538 3969 1680 4027 Διός.

754 4061 804 4128 2)
855 4063 935 4111 De
987 4062 1084 4110 hoc
1135 4063 1453 4127 cognomine,
1509 4062 1666 4127 quod,
1701 4068 1753 4110 ut
1789 4061 2054 4110 Wecklein
2093 4069 2262 4110 monet
2295 4062 2605 4129 (Aeschylos'
2642 4062 2840 4111 Orestie
2879 4060 2943 4109 ad

685 4171 736 4205 v.
772 4168 866 4217 243
916 4154 1180 4218 Choeph.),
1216 4155 1280 4202 ab
1317 4154 1570 4218 Aeschylo
1609 4153 1720 4201 iovi
1759 4152 1973 4220 Σωτῆρι
2011 4153 2171 4218 datur,
2206 4153 2560 4219 Naegelsbach
2596 4154 2721 4202 dicit
2756 4152 2941 4214 (N.-H.

685 4247 884 4305 Theol.,
919 4263 967 4311 p.
1010 4245 1150 4311 137):
1200 4247 1339 4304 „Das
1389 4244 1530 4302 Ζεὺς
1567 4248 1746 4312 τρίτος
1786 4245 1837 4292 in
1874 4244 2109 4292 Formeln
2147 4244 2245 4294 wie
2279 4246 2577 4310 (sequuntur
2612 4244 2759 4308 loci).
2782 4283 2792 4293 .
2816 4281 2852 4306 .‚
2890 4243 2943 4290 in

686 4338 912 4387 welchen
948 4337 1184 4386 Formeln
1217 4339 1344 4386 Zeus
1383 4337 1609 4386 offenbar
1645 4337 1718 4385 ais
1754 4337 1845 4385 das
1880 4336 2255 4385 abschliessend
2292 4336 2648 4395 vollendende,
2682 4335 2778 4384 alle
2816 4351 2944 4384 son—

684 4430 810 4494 stige
845 4430 1139 4494 Thatigkeit
1173 4436 1270 4478 erst
1305 4430 1582 4490 kronende,
1621 4430 1671 4476 in
1706 4429 1875 4478 letzter
1914 4429 2117 4477 Instanz
2150 4429 2415 4478 wirksame
2436 4429 2621 4478 Wesen
2638 4427 2939 4477 erscheint.”

687 4521 755 4569 Et
804 4529 932 4572 recte
981 4521 1198 4586 quidem.
1268 4521 1411 4568 Nihil
1447 4506 1598 4584 igitur
1651 4520 1715 4568 ad
1770 4521 1866 4569 hoc
1914 4535 2198 4584 cognomen
2260 4520 2489 4584 pertinet,
2544 4520 2681 4584 quod
2717 4518 2943 4584 Iuppiter
