3442 4975
1553 448 1673 510 107

572 619 647 681 In
699 617 948 699 Septem
994 617 1190 694 mala,
1238 618 1476 700 quibus
1523 617 1827 681 Eteocles
1852 627 1916 681 et
1941 618 2289 702 Polynices
2322 618 2536 681 affecti
2561 627 2733 696 sunt,

482 753 521 794 a
572 732 732 796 Iove
787 733 866 794 iis
913 731 1063 795 data
1110 752 1254 794 esse
1301 732 1607 794 dicuntur
1652 733 1786 815 (vv.
1834 736 2245 812 922—-923):

661 848 777 906 ΙΣ.
873 843 1083 927 ἔχουσι
1131 837 1358 926 μοῖραν
1407 841 1736 926 λαχόντες,
1783 834 1899 931 [ὦ]
1947 841 2177 924 μέλεοι,

877 955 1227 1020 διοσδότων
1275 954 1506 1040 ἀχέων·

573 1074 740 1136 Item
811 1074 876 1136 in
945 1073 1186 1154 Agam.
1254 1071 1412 1145 Ζεύς
1485 1083 1603 1151 est,
1673 1074 1787 1155 qui
1860 1072 2048 1135 Atrei
2119 1071 2287 1135 filios
2356 1071 2441 1134 ad
2486 1071 2749 1153 bellum·

484 1187 802 1251 adversus
875 1187 1176 1256 Paridem
1247 1188 1559 1270 excitavit
1631 1206 1846 1269 eoque
1914 1188 2057 1269 ipso
2124 1185 2299 1249 bello
2358 1185 2626 1250 Graecis
2672 1195 2739 1249 et

482 1301 779 1364 Troianis
825 1309 1037 1364 tantas
1083 1299 1484 1364 calamitates
1530 1300 1747 1364 intulit
1792 1301 1919 1384 (vv.
1966 1299 2290 1384 60—68):

928 1412 1096 1476 οὕτω
1143 1412 1202 1477 δ’
1245 1411 1519 1496 Ἀτρέως
1565 1411 1803 1486 παῖδας
1851 1416 1889 1476 ό
1932 1411 2237 1495 κρείσσων

925 1529 1028 1590 ἐπ’
1071 1525 1471 1610 Ἀλεξάνδρῳ
1520 1525 1758 1608 πέμπει
1808 1525 2009 1601 ξένιος

931 1643 1114 1720 Ζεύς,
1163 1638 1560 1723 πολυάνορος
1604 1641 1767 1721 ἀμφὶ
1812 1643 2111 1718 γυναικός

929 1752 1142 1816 πολλὰ
1193 1751 1619 1834 παλαίσματα
1665 1757 1771 1816 καὶ
1816 1757 2121 1840 γυιοβαρῆ

927 1873 1194 1945 γόνατος
1239 1868 1551 1931 κονίαισιν
1601 1866 1989 1951 ἐρειδομένου

928 1979 1411 2065 διακναιομένης
1459 1987 1519 2044 τ’
1567 1984 1633 2044 ἐν
1682 1980 2077 2064 προτελείοις

929 2099 1209 2176 κάμακος
1256 2101 1478 2176 θήσων
1530 2097 1887 2159 Δαναοῖσιν

937 2211 1150 2292 Τρωσί
1194 2209 1266 2272 θ’
1311 2210 1556 2291 ὁμοίως.
1607 2210 1742 2273 ἔστι
1792 2209 1852 2274 δ’
1893 2211 2021 2297 ὅπῃ
2070 2219 2184 2272 νῦν

927 2324 1086 2387 ἔστι·
1134 2323 1413 2388 τελεῖται
1464 2323 1523 2388 δ’
1568 2349 1629 2400 ες
1676 2327 1750 2388 τό
1797 2323 2234 2408 πεπρωμένον·

578 2439 663 2503 Et
731 2461 954 2504 rursus
1023 2441 1088 2503 in
1164 2439 1426 2522 Clzoc'ph.
1495 2438 1762 2504 Orestes
1830 2441 2005 2504 Iovis
2076 2439 2343 2503 oraculo
2404 2437 2488 2502 ad
2534 2435 2735 2520 patris

489 2552 798 2618 ultionem
847 2556 1193 2637 instigatur
1239 2555 1452 2641 (Eum.
1499 2554 1915 2640 612—614):

798 2668 978 2745 Ζεύς,
1027 2668 1112 2741 ὥς
1158 2664 1358 2747 λέγεις
1403 2670 1501 2747 σύ,
1551 2666 1735 2730 τόνδε
1784 2670 2058 2751 χρησμὸν
2106 2672 2347 2750 ωπασε,

800 2779 1062 2862 φράζειν
1111 2778 1384 2867 Ὀρέστῃ
1434 2780 1592 2864 τῷδε
1641 2783 1755 2844 τὸν
1804 2784 2047 2864 πατρὸς
2093 2786 2287 2861 φόνον

801 2893 1144 2975 πράξαντα
1187 2898 1420 2978 μητρός
1464 2894 1755 2979 μηδαμοῦ
1805 2899 1991 2977 τιμάς
2040 2892 2285 2976 νέμειν,·
2342 2895 2399 2976 1)

487 3011 598 3090 qui
682 3010 918 3073 deinde
984 3012 1052 3073 in
1119 3010 1307 3077 Eum.
1374 3032 1413 3075 a
1481 3011 1605 3075 diis
1673 3032 1890 3093 poena
1958 3011 2265 3093 malaque
2335 3007 2733 3070 conscientia

485 3123 812 3190 liberatur.
889 3124 1044 3188 Non
1091 3125 1278 3189 aliter
1323 3146 1426 3187 res
1473 3146 1543 3188 se
1590 3124 1787 3188 habet
1832 3126 1896 3187 in
1944 3124 2191 3208 Suppl„
2242 3124 2350 3187 ubi
2400 3120 2737 3185 Danaides

485 3256 672 3300 suam
719 3237 995 3302 salutern
1041 3239 1126 3301 ab
1176 3239 1333 3303 Iove
1379 3247 1611 3329 petunt
1658 3238 1796 3323 (vv.
1849 3238 2263 3320 507—511):

930 3350 1103 3426 ἄναξ
1147 3352 1474 3430 ἀνάκτων,
1521 3355 1825 3432 μακάρων

929 3470 1305 3549 μακάρτατε
1354 3468 1460 3529 καὶ
1510 3464 1741 3529 τελέων

930 3576 1338 3643 τελειότατον
1388 3584 1639 3662 κράτος,
1685 3577 1859 3666 ὄλβιε
1907 3582 2051 3657 Ζεῦ,

933 3699 1138 3759 πιθοῦ
1187 3718 1255 3756 τε
1306 3696 1411 3756 καὶ
1455 3692 1744 3773 γενέσθω

933 3803 1204 3870 ἄλευσον
1253 3805 1508 3890 ἀνδρῶν
1559 3808 1741 3893 ὓβριν
1790 3799 1860 3869 εὖ
1906 3810 2243 3885 στυγήσας·

485 3929 958 4004 acceptamque
976 3922 1246 3986 Danaus
1270 3924 1327 3985 ei
1354 3923 1609 3987 tribuit:
1636 3923 1797 3995 Ζεύς
1822 3920 1880 3985 δ’
1902 3920 2241 4002 ἐπέκρανεν
2269 3916 2733 3998 τέλο;(ν.6ο4).

559 4132 605 4197 1)
640 4131 956 4197 Quamquam
992 4132 1129 4181 enim
1167 4132 1420 4197 Apollinis
1454 4132 1710 4182 oraculum
1745 4138 1835 4196 est,
1869 4131 1954 4181 hie
1987 4130 2111 4181 deus
2142 4130 2273 4180 nihil
2305 4129 2599 4179 vaticinatur
2635 4129 2733 4177 nisi

485 4223 625 4273 Iovis
659 4223 810 4286 iussu,
847 4240 928 4272 vv.
963 4223 1259 4275 606—608:

953 4314 1220 4366 οὐπώποτ’
1255 4307 1405 4365 εἶπον
1439 4322 1773 4375 μαντικοῖσιν
1806 4316 1865 4363 ἐν
1904 4314 2142 4381 θρόνοις,

954 4408 1045 4457 οὐκ
1081 4406 1302 4472 ἀνδρός,
1337 4408 1397 4456 οὐ
1434 4406 1704 4471 γυναικός,
1741 4407 1802 4457 οὐ
1836 4405 2040 4464 πόλεως
2074 4407 2216 4473 πέρι,

957 4498 984 4547 ὃ
1016 4502 1092 4564 μὴ
1130 4496 1375 4549 κελεύσαι
1409 4498 1552 4557 Ζεὺς
1589 4497 1900 4558 Ὀλυμπίων
1934 4500 2136 4564 πατὴρ.
