3442 4975
1587 453 1700 520 131

610 629 737 692 Sed
785 629 964 710 quod
1012 627 1328 702 homine5‚
1378 647 1547 709 quae
1586 640 1822 689 veorum
1872 629 2032 689 ratio
2080 637 2386 709 corrupta
2432 637 2533 691 est
2567 637 2765 710 atque

523 745 733 824 inop5‚
777 741 1152 823 intellegere
1203 739 1467 802 minime
1513 750 1807 821 possunt,
1858 761 2017 803 num
2064 742 2182 804 erit
2227 739 2354 802 hoc
2385 761 2530 803 eam
2558 742 2793 822 ipsam¹

523 856 610 919 ob
659 877 925 918 causam
974 855 1349 936 negandum
1401 863 1602 936 utque
1647 855 2004 917 absurdum
2054 855 2511 918 refutandum?
2584 855 2767 917 Num

522 969 890 1044 credemus,
963 967 1118 1049 quia
1185 966 1508 1029 infinitum
1578 967 1863 1049 spatium
1935 975 2151 1029 mente
2197 967 2543 1048 concipere
2589 967 2768 1030 haud

522 1103 900 1165 possumuS,
948 1083 1233 1164 spatium
1284 1081 1566 1145 universi
1616 1080 1866 1142 finitum
1914 1085 2097 1142 esse?
2142 1079 2288 1144 Aut
2333 1082 2486 1162 quia
2546 1081 2765 1143 Deum

525 1199 707 1261 initio
756 1205 1083 1260 carentem
1132 1197 1421 1279 cogitare
1471 1216 1600 1258 non
1646 1216 2023 1277 possumuS,
2073 1196 2311 1258 idcirco
2341 1196 2561 1258 Deum
2588 1205 2766 1258 certo

525 1312 814 1395 quodam
861 1320 1154 1393 tempore
1202 1320 1426 1374 natum
1476 1331 1618 1372 esse
1658 1310 2081 1392 putabimus?
2126 1308 2225 1372 At
2249 1301 2422 1372 dicat
2446 1310 2769 1391 quispiam

527 1415 748 1488 Deum
819 1415 952 1487 non
1019 1424 1272 1490 efficere
1340 1445 1554 1507 posse,
1606 1433 1676 1487 ut
1725 1423 1932 1505 figura
1977 1422 2195 1505 aliqua
2240 1423 2473 1484 eodem
2520 1432 2769 1504 puncto

523 1539 838 1620 temporis
885 1540 967 1601 sit
1013 1538 1292 1601 clrculus
1341 1547 1405 1600 et
1451 1537 1867 1621 quadratum,
1918 1538 2208 1618 itemque
2234 1545 2463 1598 contra
2498 1557 2765 1602 omnem

525 1654 840 1716 rationem
887 1661 952 1714 et
997 1673 1224 1714 sanam
1274 1661 1559 1715 mentem
1606 1671 1923 1733 pugnare,
1971 1650 2022 1711 si
2048 1648 2343 1711 homines
2368 1650 2434 1711 in
2460 1650 2769 1712 omnibus

525 1767 718 1829 rebu's
787 1766 1061 1846 agendis
1130 1787 1171 1827 a
1233 1766 1382 1828 Deo
1431 1773 1811 1846 rege1entur
1857 1772 1921 1826 et
1966 1772 2185 1826 tamen
2235 1763 2402 1826 male
2448 1764 2768 1827 factorum

525 1881 588 1942 in
634 1899 748 1942 eos
793 1878 987 1960 culpa
1035 1879 1452 1942 conferretur‘
1546 1877 1667 1940 Cui
1717 1877 1844 1939 hoc
1891 1886 2147 1939 tantum
2196 1878 2585 1959 responde0‚
2635 1898 2770 1955 e05‚

526 1995 637 2076 qui
716 2002 969 2075 partem
1039 1971 1299 2076 divinae
1369 1991 1596 2053 mundi
1669 1990 2157 2072 gubernationis
2228 1990 2481 2067 tollant,
2558 1993 2773 2073 ipsum

530 2108 751 2169 Deum
797 2105 1044 2179 tollere,
1093 2126 1308 2187 neque
1348 2105 1714 2186 putandum
1742 2125 1887 2174 esse
1912 2103 2328 2186 Aeschylum
2355 2124 2486 2166 non
2511 2105 2775 2166 credere

526 2220 842 2312 potuisse,
891 2219 1072 2302 quod
1120 2229 1218 2283 tot
1265 2217 1580 2297 homineS,
1629 2227 1793 2300 quot
1839 2219 1990 2280 inde
2036 2238 2075 2279 a
2111 2218 2337 2299 primis
2364 2201 2773 2300 temporibus

529 2331 746 2395 Sacris
797 2333 1010 2395 Libris
1054 2333 1318 2414 plenam
1365 2332 1561 2394 fidem
1610 2331 1995 2407 habuerunt⁵
2048 2330 2441 2396 crediderint
2496 2330 2577 2417 1).
2643 2330 2774 2394 Sed

529 2448 871 2511 redeamus
917 2448 1000 2511 ad
1039 2468 1135 2526 ea,
1184 2468 1353 2531 quae
1397 2454 1594 2530 poeta
1643 2447 1782 2528 ipse
1830 2446 1911 2508 de
1957 2445 2079 2509 hac
2127 2465 2195 2508 re
2239 2446 2425 2510 dixit.

618 2562 687 2625 P.
745 2562 1091 2650 106—109
1137 2562 1316 2625 locos
1363 2562 1721 2639 attulimuS‚
1759 2559 1867 2622 ubi
1898 2561 2037 2622 sine
2060 2560 2233 2623 Iovis
2260 2560 2595 2623 voluntate
2621 2560 2776 2622 nihil

530 2675 664 2738 fieri
716 2675 974 2738 dicitur.
1068 2674 1480 2757 Aeschylum
1527 2684 1748 2737 autem
1796 2676 1888 2736 sic
1936 2695 2158 2745 revera
2202 2684 2489 2757 putasse,
2538 2696 2624 2737 ex
2648 2675 2776 2737 hoc

531 2792 671 2872 ipso
721 2797 1014 2870 apparet,
1063 2789 1241 2871 quod
1290 2788 1466 2851 haud
1514 2787 1853 2864 dubitavit,
1902 2789 2099 2882 etiam
2148 2789 2257 2851 ubi
2304 2790 2389 2852 de
2437 2789 2775 2853 hominum

531 2902 941 2985 improbitate
987 2922 1203 2965 sermo
1253 2911 1445 2979 esset,
1518 2901 1639 2963 hac
1685 2911 1856 2965 stare
1902 2904 2236 2967 sententia.
2332 2902 2455 2965 Cui
2506 2904 2594 2965 rei
2644 2903 2773 2966 hoc

532 3054 759 3101 zuheben
813 3050 1066 3109 scheinen,
1120 3048 1245 3098 wird
1297 3048 1394 3103 der,
1436 3048 1708 3097 Nachweis
1763 3050 1993 3098 versucht
2046 3048 2263 3114 werden,
2309 3050 2423 3098 dass
2456 3051 2779 3116 dergleichen

535 3144 852 3208 Ausspruche
887 3143 1023 3191 nicht
1059 3144 1130 3191 als
1167 3142 1608 3205 Inconsequenzen
1643 3142 1734 3189 der
1768 3141 2016 3193 sittlichen
2054 3141 2355 3205 Auffassung
2374 3142 2540 3205 gelten
2558 3143 2777 3215 konnen,

532 3234 748 3283 sondern
782 3233 1026 3282 vielmehr
1061 3234 1226 3281 einem
1261 3232 1554 3297 poetischen
1589 3232 1792 3280 Grunde
1826 3232 2213 3281 zuzuschreiben
2246 3231 2411 3282 sind.”
2431 3261 2497 3269 —
2532 3233 2596 3281 Et
2613 3240 2779 3282 tamen

535 3326 668 3373 idem
721 3325 798 3372 vir
850 3324 1028 3373 doctus
1079 3324 1203 3372 dicit
1245 3341 1296 3388 p.
1331 3335 1422 3387 32:
1460 3323 1575 3383 „die
1610 3323 1779 3371 wahre
1821 3324 2166 3389 Anschauung
2202 3324 2291 3373 des
2326 3324 2559 3374 Dichters
2593 3326 2781 3389 spricht

534 3416 644 3465 hier
689 3416 846 3482 (Sept.
883 3416 1148 3480 675—677
1184 3413 1328 3476 scil),
1361 3414 1456 3463 wie
1491 3415 1702 3473 ιῖὀειαίί,
1736 3415 1824 3463 der
1860 3414 1996 3463 Chor
2030 3415 2181 3465 aus''!
2218 3444 2284 3452 —
2320 3416 2380 3464 In
2416 3416 2627 3465 eandem
2661 3432 2775 3465 sen-

537 3508 741 3556 tentiam
775 3506 995 3571 loquitur
1031 3506 1246 3568 Platner,
1281 3524 1332 3571 p.
1365 3520 1456 3569 33:
1493 3507 1746 3566 „Manche
1782 3506 1901 3573 (non
1922 3508 2072 3571 igitur
2092 3507 2469 3572 ‚,vereinzelte'’,
2489 3516 2541 3557 ut
2562 3509 2775 3574 Herwig

532 3598 656 3663 vult)
694 3599 1029 3663 Ausspruche‚
1065 3598 1257 3647 welche
1292 3598 1377 3645 die
1406 3598 1779 3647 menschlichen
1808 3598 2153 3663 Handlungen
2172 3599 2245 3647 als
2264 3600 2431 3649 blosse
2448 3600 2776 3664 Erzeugnisse

534 3691 625 3739 des
659 3690 944 3739 Schicksals
979 3690 1100 3738 oder
1135 3688 1223 3737 der
1255 3688 1533 3753 giittlichen
1571 3686 1907 3753 Einwi'rkung
1939 3690 2266 3754 bezeichnen,
2302 3692 2431 3755 sind,
2466 3692 2564 3741 wie
2601 3692 2781 3741 bereits

538 3781 767 3830 bemerkt
801 3780 1022 3845 worden,
1057 3795 1143 3829 aus
1177 3780 1294 3828 dem
1329 3779 1619 3842 Charakter,
1655 3780 1742 3829 der
1778 3781 2300 3847 Gemilthsstimmung
2336 3784 2436 3831 und
2455 3783 2553 3832 den
2571 3784 2784 3833 Zustzin-

537 3875 635 3923 den
687 3873 775 3921 der
826 3872 1202 3943 Sprechenden,
1250 3873 1445 3921 sodann
1501 3874 1620 3921 aber
1672 3873 1800 3921 auch
1852 3890 1939 3922 aus
1994 3874 2111 3923 dem
2145 3876 2331 3924 Wesen
2364 3875 2454 3923 der
2489 3874 2782 3939 poetischen

539 3964 747 4013 Diction
797 3981 854 4013 zu
904 3963 1148 4027 erklaren,
1185 3964 1376 4012 welche
1412 3964 1525 4012 eine
1557 3963 1765 4027 gewisse
1802 3964 2056 4029 Emphase
2094 3964 2319 4028 verlangt
2353 3965 2455 4013 und
2492 3964 2600 4013 ihre
2636 3965 2785 4014 Krast

539 4057 639 4105 und
695 4055 1158 4120 Eindringlichkeit
1209 4054 1450 4103 verlieren
1502 4055 1686 4114 wurde,
1742 4070 1888 4103 wenn
1929 4035 2024 4118 sie,
2062 4056 2159 4104 wie
2192 4055 2271 4103 die
2306 4054 2785 4105 wissenschastliche

539 4149 692 4197 Prosa
743 4147 835 4196 mit
885 4146 1230 4195 Vorbehalten
1267 4147 1369 4195 und
1406 4123 1891 4210 ¹Einschrankungen
1926 4146 2035 4194 sich
2076 4146 2387 4197 ausdrucken
2422 4146 2641 4197 wollte.’'
2678 4147 2785 4197 Vae

540 4240 686 4305 igitur
720 4240 888 4305 poesi!
927 4240 1006 4287 cui
1041 4255 1118 4287 res
1154 4244 1256 4287 tam
1290 4238 1456 4302 gravis
1493 4238 1734 4286 momenti
1770 4245 1954 4287 temere
1990 4237 2159 4286 ludere
2194 4237 2359 4286 liceat.

613 4332 656 4397 1)
694 4331 823 4380 Vide
859 4347 902 4380 e.
939 4347 1010 4395 gr.
1051 4331 1172 4379 Luc.
1194 4329 1484 4392 XXII‚22:
1519 4328 1544 4376 ὃ
1581 4328 1680 4388 μὲν
1721 4329 1827 4387 υἱὸς
1870 4333 1955 4378 τοῦ
1992 4329 2288 4396 ἀνθρώπου
2323 4330 2609 4395 πορεύεται
2646 4332 2785 4377 κατὰ

539 4428 598 4473 τὸ
650 4423 953 4490 ὡρισμένον·
1008 4422 1156 4487 πλὴν
1209 4422 1326 4471 οὐαὶ
1380 4424 1448 4488 τῷ
1498 4421 1771 4487 ἀνθρώπῳ
1808 4423 2003 4486 ἐκείνῳ,
2045 4420 2121 4469 δι’
2157 4408 2217 4471 οὗ
2254 4420 2647 4487 παραδὸδοται.
2720 4421 2787 4469 Et

541 4514 785 4581 imprimis
821 4516 886 4564 ad
925 4513 1077 4563 Rom.
1115 4514 1211 4575 IX,
1253 4512 1464 4563 11—-18.
