3442 4975
1546 381 1668 447 109

567 552 864 616 Eandem
936 552 1022 615 ob
1092 573 1359 616 causam
1432 552 1601 634 Sept.
1657 566 1783 634 579
1852 553 2090 616 dicitur
2158 550 2380 632 δεινὸς,
2426 554 2491 626 ὃς
2540 554 2733 626 θεούς

480 665 664 750 σέβει,
713 674 777 729 et
827 665 1047 747 Suppl.
1097 681 1452 748 719—-720
1498 667 1554 728 is
1602 666 1755 729 felix
1800 667 2232 749 praedicatur,
2284 668 2469 730 cuius
2516 667 2719 732 hostis

478 781 603 842 diis
651 800 918 862 quoque
967 778 1123 842 odio
1169 788 1301 843 est:

839 892 1046 966 καλῶς
1091 893 1173 956 ἄν
1228 899 1367 975 ἡμῖν
1415 892 1708 975 ξυμφέροι
1742 897 1963 973 ταῦτ’,
2012 883 2061 956 ὦ
2108 891 2325 974 τέκνα,

843 1011 899 1070 εἷ
945 1008 1043 1070 σοί
1090 1033 1158 1070 τε
1209 1011 1313 1070 καὶ
1367 1013 1610 1070 θεοῖσιν
1659 1008 2090 1090 ἐχθαιροίατο.

564 1125 774 1188 Vides
844 1124 1044 1206 igitur
1113 1123 1310 1186 deum
1374 1122 1688 1187 infinitam
1757 1125 1822 1186 in
1891 1122 2191 1187 homines
2261 1122 2503 1186 habere
2547 1132 2733 1206 pote-

478 1249 741 1303 statem.
817 1238 1034 1319 Quale
1079 1247 1299 1301 autem
1349 1237 1453 1300 dei
1516 1239 1594 1301 sit
1641 1238 1990 1321 imperium
2034 1237 2100 1301 in
2149 1258 2367 1301 rerum
2415 1246 2735 1316 naturam,

476 1375 542 1437 p.
594 1369 757 1434 27—
773 1369 851 1433 31
906 1354 1035 1415 iam
1085 1352 1511 1417 ostendimus,
1560 1353 1650 1417 Ut
1695 1372 1784 1414 ex
1830 1351 1957 1415 fine
2002 1351 2361 1415 Promethei
2402 1353 2489 1415 ibi
2538 1372 2734 1435 appa-

475 1470 602 1532 ruit
672 1468 1011 1530 materiam
1081 1468 1355 1529 inertem
1407 1450 1602 1529 ‘Iovis
1671 1476 1833 1530 nutu
1903 1474 2102 1549 atque
2148 1466 2415 1529 arbitrio
2465 1469 2737 1543 moveri,

476 1585 568 1645 sic
618 1583 817 1644 etiam
865 1582 929 1643 in
976 1581 1212 1660 Agam.
1263 1580 1539 1643 deorum
1588 1582 1718 1643 irae
1764 1580 2075 1643 tribuitur
2112 1589 2485 1662 tempestaS,
2534 1601 2735 1663 quam

477 1715 716 1777 praeco
766 1717 830 1758 v.
880 1693 1230 1773 626—645
1283 1703 1519 1756 narrat.
1599 1692 1783 1756 Dicit
1829 1695 2002 1756 enim
2052 1693 2134 1776 (v.
2185 1692 2603 1775 626-630):

793 1808 930 1879 πῶς
979 1805 1172 1868 κεδνοὶ
1221 1813 1358 1879 τοῖς
1406 1812 1649 1868 κακοῖσι
1700 1805 2042 1887 συμμείξω,
2089 1803 2291 1884 λέγων

795 1924 1052 2004 χειμῶν’
1096 1920 1375 2004 Ἀχαιῶν
1425 1921 1537 1982 οὐκ
1585 1919 1897 2000 ἀμήνιτον
1944 1925 2155 1996 &eost-,-

792 2035 1173 2115 ξυνώμοσαν
1223 2038 1364 2116 γάρ,
1413 2037 1594 2107 ὄντες
1645 2034 1936 2116 ἔχθιστοι
1987 2037 2060 2096 τὸ
2110 2033 2287 2115 πρίν,

797 2158 926 2229 πῦρ
978 2149 1082 2208 καὶ
1133 2145 1464 2225 θάλασσα,
1514 2149 1618 2207 καὶ
1666 2149 1751 2208 τὰ
1801 2146 1981 2208 πίστ’
2030 2145 2358 2227 ἐδειξάτην

798 2262 1137 2343 φθείροντε
1189 2260 1303 2321 τὸν
1351 2257 1669 2343 δύστηνον
1716 2259 2018 2343 Ἀργείων
2067 2263 2362 2342 στρατόν.

574 2376 659 2439 Et
725 2384 948 2439 tamen
1020 2376 1188 2440 hanc
1257 2377 1610 2460 procellam
1683 2376 1847 2439 deus
1919 2377 2007 2439 ita
2076 2397 2301 2458 regere
2361 2384 2597 2459 potest,
2648 2386 2739 2453 ut,

479 2510 952 2573 quemcunque
1034 2492 1195 2568 vult,
1280 2513 1316 2555 e
1384 2491 1674 2575 periculo
1746 2492 1993 2573 eripiat,
2064 2512 2214 2554 nam
2281 2512 2518 2574 praeco
2588 2492 2745 2554 dicit

477 2625 733 2681 navem,
807 2627 940 2687 qua
1003 2608 1144 2689 ipse
1205 2607 1568 2683 veheretur,
1626 2627 1666 2669 a
1713 2606 2025 2688 quopiam
2073 2606 2221 2684 deo,
2270 2626 2401 2668 non
2449 2605 2741 2682 homine,

477 2736 622 2780 esse
668 2728 990 2783 servatam
1039 2722 1169 2804 (vv.
1219 2720 1633 2803 632—641):

484 2966 608 3015 deos
660 2965 753 3029 (sic
804 2965 954 3014 etiam
1005 2964 1287 3014 Scholiasta
1338 2966 1474 3013 hunc
1525 2964 1696 3013 locum
1755 2964 2066 3029 interpretari
2120 2966 2343 3015 videtur:
2398 2966 2563 3015 πλέον
2618 2968 2739 3032 λέγε

481 3056 700 3113 πάντας
738 3056 1064 3123 ἀνθρώπους
1103 3055 1244 3121 ἔχειν
1280 3056 1360 3119 [η]
1398 3059 1521 3112 τοὺς
1563 3058 1727 3111 θεοὺς
1762 3056 2041 3123 ἐχθρούς).
2114 3058 2311 3105 Deinde
2346 3074 2407 3105 ex
2444 3059 2555 3106 aliis
2590 3060 2741 3107 etiam

477 3146 620 3206 locis,
656 3148 770 3195 cum
807 3147 1046 3211 Aeschyli
1081 3155 1186 3196 tum
1221 3147 1453 3206 aliorum,
1487 3154 1696 3211 apparet
1732 3162 1929 3208 vocem,
1960 3163 2089 3211 quae
2124 3155 2198 3210 est
2232 3147 2417 3206 πλέον,
2456 3150 2636 3197 melius
2657 3158 2742 3197 aut

477 3240 747 3301 optabilius
798 3239 900 3305 (vel
947 3240 1214 3304 optabilius
1256 3240 1401 3304 quid)
1447 3238 1733 3303 significare
1779 3254 1944 3303 posse.
2013 3239 2154 3301 Quae
2189 3239 2491 3303 significatio
2527 3243 2742 3289 occurrit

475 3328 526 3376 in
579 3329 657 3378 his
703 3329 895 3379 verbis:
949 3334 1002 3379 τί
1051 3330 1252 3397 (οἰδὲν)
1296 3330 1461 3379 πλέον
1507 3333 1594 3389 μοι
1644 3332 1758 3377 ἕσιι
1794 3332 2105 3393 (γίγνεται),
2142 3330 2269 3378 Xen.
2308 3330 2423 3393 Cyr.
2460 3331 2522 3393 V,
2561 3342 2607 3394 5,
2646 3344 2711 3393 34

479 3421 606 3469 Plat.
641 3420 811 3486 Symp.
847 3431 963 3483 217,
998 3436 1070 3484 c.;
1108 3422 1262 3486 Soph.
1299 3422 1418 3470 Ant.
1454 3421 1568 3471 268.
1606 3420 1709 3469 Csr.
1746 3420 1985 3484 Aeschyli
2019 3420 2163 3469 Pers.
2201 3420 2498 3483 629-6302

1084 3516 1130 3561 εἶ
1170 3512 1276 3579 γάρ
1315 3530 1366 3560 τι
1403 3515 1574 3562 κακῶν
1611 3511 1735 3569 ἄκος
1770 3504 1885 3560 οἶδε
1923 3510 2109 3569 πλέον,

1082 3603 1238 3664 μόνος
1277 3603 1346 3653 ἂν
1382 3606 1606 3670 θνητῶν
1641 3604 1814 3669 πέρας
1850 3602 2007 3663 εἴποι,

479 3700 529 3742 et
565 3694 744 3758 Suppl.
783 3706 909 3758 279:

982 3787 1290 3854 διδαχθεὶς
1330 3788 1436 3853 [δ’]
1474 3787 1543 3837 ἂν
1582 3788 1699 3837 τόδ’
1738 3787 1955 3853 εἰδείην
1991 3786 2175 3835 πλέον.

558 3878 674 3926 Hac
709 3885 872 3927 autem
907 3879 1037 3928 illius
1071 3896 1242 3928 versus
1275 3880 1504 3928 versione
1540 3886 1757 3943 recepta,
1793 3879 1967 3944 quidni
2002 3879 2163 3927 Eum.
2203 3891 2330 3939 2242

984 3974 1047 4021 σύ
1082 3971 1138 4019 δ’
1173 3960 1266 4023 οὖν
1303 3972 1460 4022 δίωκε
1499 3975 1585 4020 καὶ
1621 3972 1787 4021 πόνον
1826 3971 1991 4019 πλέον
2026 3973 2193 4021 τίθου

481 4060 645 4109 πλέον
696 4062 876 4111 eodem
931 4064 1083 4113 modo
1135 4071 1404 4126 vertamu5‚
1457 4065 1526 4113 ita
1576 4070 1628 4113 ut
1677 4065 1845 4113 τίθου
1890 4063 2021 4111 nihil
2067 4079 2098 4111 a
2148 4077 2289 4121 voce,
2324 4078 2451 4126 quae
2485 4069 2559 4111 est
2592 4065 2744 4128 ἡγοῦ,

478 4152 672 4202 differat
722 4153 847 4220 (Csr.
900 4156 1082 4220 Agant.
1136 4166 1436 4220 215—2172
1502 4156 1785 4213 λιτὰς....
1830 4154 1962 4222 παρ’
2014 4152 2306 4204 οὐδέκω.
2354 4153 2611 4215 {owe-ost
2664 4156 2747 4204 Sic

477 4244 723 4293 sententia
775 4246 857 4294 fiet
906 4247 1121 4311 optima:
1176 4248 1404 4296 laborem
1452 4246 1727 4313 optabilius
1762 4254 1884 4313 puta
1917 4246 2242 4311 (quamquam
2272 4245 2551 4293 laborando
2586 4245 2746 4294 οἰδὲν

481 4335 647 4385 ,τλέον
705 4353 782 4385 σοι
837 4336 1024 4403 ἔσται),
1079 4355 1242 4404 neque
1289 4339 1559 4403 quicquam
1609 4339 1661 4386 in
1697 4339 1796 4387 hoc
1832 4354 1978 4386 versu
2012 4338 2105 4386 erit
2140 4338 2451 4386 mutandum.
2520 4338 2670 4399 Quod
2707 4339 2747 4386 si

483 4428 646 4476 minus
680 4428 889 4493 placeat,
926 4445 1041 4479 curn
1077 4432 1268 4479 Aurato
1305 4429 1452 4479 πλέω
1489 4430 1708 4479 maxime
1742 4428 2072 4494 probaverim.
